%YAML 1.1
%TAG !u! tag:unity3d.com,2011:
--- !u!1 &4784403441850678513
GameObject:
  m_ObjectHideFlags: 0
  m_CorrespondingSourceObject: {fileID: 0}
  m_PrefabInstance: {fileID: 0}
  m_PrefabAsset: {fileID: 0}
  serializedVersion: 6
  m_Component:
  - component: {fileID: 5623016966981437035}
  - component: {fileID: 3746414697769417378}
  - component: {fileID: 6632785564464101778}
  - component: {fileID: 6034586696553288172}
  m_Layer: 7
  m_Name: Enemy
  m_TagString: Untagged
  m_Icon: {fileID: 0}
  m_NavMeshLayer: 0
  m_StaticEditorFlags: 0
  m_IsActive: 1
--- !u!4 &5623016966981437035
Transform:
  m_ObjectHideFlags: 0
  m_CorrespondingSourceObject: {fileID: 0}
  m_PrefabInstance: {fileID: 0}
  m_PrefabAsset: {fileID: 0}
  m_GameObject: {fileID: 4784403441850678513}
  m_LocalRotation: {x: 0, y: 0, z: 0, w: 1}
  m_LocalPosition: {x: 18.43, y: -9, z: 24.04}
  m_LocalScale: {x: 1, y: 1, z: 1}
  m_ConstrainProportionsScale: 0
  m_Children:
  - {fileID: 3600861448370431436}
  m_Father: {fileID: 0}
  m_RootOrder: 9
  m_LocalEulerAnglesHint: {x: 0, y: 0, z: 0}
--- !u!33 &3746414697769417378
MeshFilter:
  m_ObjectHideFlags: 0
  m_CorrespondingSourceObject: {fileID: 0}
  m_PrefabInstance: {fileID: 0}
  m_PrefabAsset: {fileID: 0}
  m_GameObject: {fileID: 4784403441850678513}
  m_Mesh: {fileID: 10208, guid: 0000000000000000e000000000000000, type: 0}
--- !u!114 &6632785564464101778
MonoBehaviour:
  m_ObjectHideFlags: 0
  m_CorrespondingSourceObject: {fileID: 0}
  m_PrefabInstance: {fileID: 0}
  m_PrefabAsset: {fileID: 0}
  m_GameObject: {fileID: 4784403441850678513}
  m_Enabled: 1
  m_EditorHideFlags: 0
  m_Script: {fileID: 11500000, guid: beb2383d78667094e97c98b12e77f133, type: 3}
  m_Name: 
  m_EditorClassIdentifier: 
  m_Target: {fileID: 0}
  m_Agent: {fileID: 0}
  m_LimitMapMaxX: 25
  m_LimitMapMinX: -25
  m_LimitMapMaxY: -9
  m_LimitMapMinY: -4.5
  m_LimitMapMaxZ: 48
  m_LimitMapMinZ: 1
  m_MaxDistance: 200
  m_Destination: {x: 0, y: 0, z: 0}
  m_CurrentState: 0
  m_Damage: 5
  m_HpMax: 100
  m_ShootCooldown: 1
  m_ShootRange: 5
  m_ShotImprecision: 0.2
  m_Speed: 3.5
  m_WaitTime: 3
  m_Cooldown: 0
  m_Hp: 100
  m_DmgModifierChest: 1.5
  m_DmgModifierArm: 1
  m_DmgModifierLeg: 0.5
  m_DmgModifierHead: 2
  m_PlayerLayer: 0
  m_PlayerLayerMask:
    serializedVersion: 2
    m_Bits: 8
  m_ObstaclesLayerMask:
    serializedVersion: 2
    m_Bits: 72
  m_DetectionRadius: 8
  m_MaxDetectionDistance: 500
  m_Animator: {fileID: 520289374058684654}
--- !u!195 &6034586696553288172
NavMeshAgent:
  m_ObjectHideFlags: 0
  m_CorrespondingSourceObject: {fileID: 0}
  m_PrefabInstance: {fileID: 0}
  m_PrefabAsset: {fileID: 0}
  m_GameObject: {fileID: 4784403441850678513}
  m_Enabled: 1
  m_AgentTypeID: 0
  m_Radius: 0.5
  m_Speed: 3.5
  m_Acceleration: 8
  avoidancePriority: 50
  m_AngularSpeed: 120
  m_StoppingDistance: 0
  m_AutoTraverseOffMeshLink: 1
  m_AutoBraking: 1
  m_AutoRepath: 1
  m_Height: 2
  m_BaseOffset: 0
  m_WalkableMask: 5
  m_ObstacleAvoidanceType: 4
--- !u!1001 &3923318165663760935
PrefabInstance:
  m_ObjectHideFlags: 0
  serializedVersion: 2
  m_Modification:
    serializedVersion: 3
    m_TransformParent: {fileID: 5623016966981437035}
    m_Modifications:
    - target: {fileID: -9070493210130169274, guid: 789031c8a8f63a242b1ea3b560ceac4b, type: 3}
      propertyPath: m_Layer
      value: 8
      objectReference: {fileID: 0}
    - target: {fileID: -8679921383154817045, guid: 789031c8a8f63a242b1ea3b560ceac4b, type: 3}
      propertyPath: m_RootOrder
      value: -1
      objectReference: {fileID: 0}
    - target: {fileID: -8679921383154817045, guid: 789031c8a8f63a242b1ea3b560ceac4b, type: 3}
      propertyPath: m_LocalPosition.x
      value: 0
      objectReference: {fileID: 0}
    - target: {fileID: -8679921383154817045, guid: 789031c8a8f63a242b1ea3b560ceac4b, type: 3}
      propertyPath: m_LocalPosition.y
      value: 0
      objectReference: {fileID: 0}
    - target: {fileID: -8679921383154817045, guid: 789031c8a8f63a242b1ea3b560ceac4b, type: 3}
      propertyPath: m_LocalPosition.z
      value: 0
      objectReference: {fileID: 0}
    - target: {fileID: -8679921383154817045, guid: 789031c8a8f63a242b1ea3b560ceac4b, type: 3}
      propertyPath: m_LocalRotation.w
      value: 1
      objectReference: {fileID: 0}
    - target: {fileID: -8679921383154817045, guid: 789031c8a8f63a242b1ea3b560ceac4b, type: 3}
      propertyPath: m_LocalRotation.x
      value: -0
      objectReference: {fileID: 0}
    - target: {fileID: -8679921383154817045, guid: 789031c8a8f63a242b1ea3b560ceac4b, type: 3}
      propertyPath: m_LocalRotation.y
      value: -0
      objectReference: {fileID: 0}
    - target: {fileID: -8679921383154817045, guid: 789031c8a8f63a242b1ea3b560ceac4b, type: 3}
      propertyPath: m_LocalRotation.z
      value: -0
      objectReference: {fileID: 0}
    - target: {fileID: -8679921383154817045, guid: 789031c8a8f63a242b1ea3b560ceac4b, type: 3}
      propertyPath: m_LocalEulerAnglesHint.x
      value: 0
      objectReference: {fileID: 0}
    - target: {fileID: -8679921383154817045, guid: 789031c8a8f63a242b1ea3b560ceac4b, type: 3}
      propertyPath: m_LocalEulerAnglesHint.y
      value: 0
      objectReference: {fileID: 0}
    - target: {fileID: -8679921383154817045, guid: 789031c8a8f63a242b1ea3b560ceac4b, type: 3}
      propertyPath: m_LocalEulerAnglesHint.z
      value: 0
      objectReference: {fileID: 0}
    - target: {fileID: -8191740002585371210, guid: 789031c8a8f63a242b1ea3b560ceac4b, type: 3}
      propertyPath: m_LocalEulerAnglesHint.x
      value: -3.2039468
      objectReference: {fileID: 0}
    - target: {fileID: -8191740002585371210, guid: 789031c8a8f63a242b1ea3b560ceac4b, type: 3}
      propertyPath: m_LocalEulerAnglesHint.y
      value: -0.16572076
      objectReference: {fileID: 0}
    - target: {fileID: -8191740002585371210, guid: 789031c8a8f63a242b1ea3b560ceac4b, type: 3}
      propertyPath: m_LocalEulerAnglesHint.z
      value: -1.5548022
      objectReference: {fileID: 0}
    - target: {fileID: -8183481454299698827, guid: 789031c8a8f63a242b1ea3b560ceac4b, type: 3}
      propertyPath: m_Layer
      value: 8
      objectReference: {fileID: 0}
    - target: {fileID: -8068027186691560116, guid: 789031c8a8f63a242b1ea3b560ceac4b, type: 3}
      propertyPath: m_LocalEulerAnglesHint.x
      value: -4.2304716
      objectReference: {fileID: 0}
    - target: {fileID: -8068027186691560116, guid: 789031c8a8f63a242b1ea3b560ceac4b, type: 3}
      propertyPath: m_LocalEulerAnglesHint.y
      value: 0.018846286
      objectReference: {fileID: 0}
    - target: {fileID: -8068027186691560116, guid: 789031c8a8f63a242b1ea3b560ceac4b, type: 3}
      propertyPath: m_LocalEulerAnglesHint.z
      value: -0.51146084
      objectReference: {fileID: 0}
    - target: {fileID: -8021001004253913084, guid: 789031c8a8f63a242b1ea3b560ceac4b, type: 3}
      propertyPath: m_LocalEulerAnglesHint.x
      value: -4.2189665
      objectReference: {fileID: 0}
    - target: {fileID: -8021001004253913084, guid: 789031c8a8f63a242b1ea3b560ceac4b, type: 3}
      propertyPath: m_LocalEulerAnglesHint.y
      value: 0.7664816
      objectReference: {fileID: 0}
    - target: {fileID: -8021001004253913084, guid: 789031c8a8f63a242b1ea3b560ceac4b, type: 3}
      propertyPath: m_LocalEulerAnglesHint.z
      value: -1.0733234
      objectReference: {fileID: 0}
    - target: {fileID: -8006009767450596044, guid: 789031c8a8f63a242b1ea3b560ceac4b, type: 3}
      propertyPath: m_Layer
      value: 8
      objectReference: {fileID: 0}
    - target: {fileID: -7657966619581158213, guid: 789031c8a8f63a242b1ea3b560ceac4b, type: 3}
      propertyPath: m_Layer
      value: 8
      objectReference: {fileID: 0}
    - target: {fileID: -7360747449169001873, guid: 789031c8a8f63a242b1ea3b560ceac4b, type: 3}
      propertyPath: m_Layer
      value: 8
      objectReference: {fileID: 0}
    - target: {fileID: -7219772299731422950, guid: 789031c8a8f63a242b1ea3b560ceac4b, type: 3}
      propertyPath: m_LocalEulerAnglesHint.x
      value: -3.4978626
      objectReference: {fileID: 0}
    - target: {fileID: -7219772299731422950, guid: 789031c8a8f63a242b1ea3b560ceac4b, type: 3}
      propertyPath: m_LocalEulerAnglesHint.y
      value: 0.23685175
      objectReference: {fileID: 0}
    - target: {fileID: -7219772299731422950, guid: 789031c8a8f63a242b1ea3b560ceac4b, type: 3}
      propertyPath: m_LocalEulerAnglesHint.z
      value: 8.8019495
      objectReference: {fileID: 0}
    - target: {fileID: -7121769801107515815, guid: 789031c8a8f63a242b1ea3b560ceac4b, type: 3}
      propertyPath: m_Layer
      value: 8
      objectReference: {fileID: 0}
    - target: {fileID: -6874584590210671055, guid: 789031c8a8f63a242b1ea3b560ceac4b, type: 3}
      propertyPath: m_LocalEulerAnglesHint.x
      value: 63.903675
      objectReference: {fileID: 0}
    - target: {fileID: -6874584590210671055, guid: 789031c8a8f63a242b1ea3b560ceac4b, type: 3}
      propertyPath: m_LocalEulerAnglesHint.y
      value: 17.216373
      objectReference: {fileID: 0}
    - target: {fileID: -6874584590210671055, guid: 789031c8a8f63a242b1ea3b560ceac4b, type: 3}
      propertyPath: m_LocalEulerAnglesHint.z
      value: 19.95819
      objectReference: {fileID: 0}
    - target: {fileID: -6857788192064577062, guid: 789031c8a8f63a242b1ea3b560ceac4b, type: 3}
      propertyPath: m_LocalEulerAnglesHint.x
      value: 1.4831914
      objectReference: {fileID: 0}
    - target: {fileID: -6857788192064577062, guid: 789031c8a8f63a242b1ea3b560ceac4b, type: 3}
      propertyPath: m_LocalEulerAnglesHint.y
      value: -0.68323225
      objectReference: {fileID: 0}
    - target: {fileID: -6857788192064577062, guid: 789031c8a8f63a242b1ea3b560ceac4b, type: 3}
      propertyPath: m_LocalEulerAnglesHint.z
      value: 0.2763872
      objectReference: {fileID: 0}
    - target: {fileID: -6803169544883306252, guid: 789031c8a8f63a242b1ea3b560ceac4b, type: 3}
      propertyPath: m_LocalEulerAnglesHint.x
      value: 75.93127
      objectReference: {fileID: 0}
    - target: {fileID: -6803169544883306252, guid: 789031c8a8f63a242b1ea3b560ceac4b, type: 3}
      propertyPath: m_LocalEulerAnglesHint.y
      value: 114.55266
      objectReference: {fileID: 0}
    - target: {fileID: -6803169544883306252, guid: 789031c8a8f63a242b1ea3b560ceac4b, type: 3}
      propertyPath: m_LocalEulerAnglesHint.z
      value: -136.09464
      objectReference: {fileID: 0}
    - target: {fileID: -6768225281626788248, guid: 789031c8a8f63a242b1ea3b560ceac4b, type: 3}
      propertyPath: m_LocalEulerAnglesHint.x
      value: -3.9579568
      objectReference: {fileID: 0}
    - target: {fileID: -6768225281626788248, guid: 789031c8a8f63a242b1ea3b560ceac4b, type: 3}
      propertyPath: m_LocalEulerAnglesHint.y
      value: -0.016785407
      objectReference: {fileID: 0}
    - target: {fileID: -6768225281626788248, guid: 789031c8a8f63a242b1ea3b560ceac4b, type: 3}
      propertyPath: m_LocalEulerAnglesHint.z
      value: 0.48315045
      objectReference: {fileID: 0}
    - target: {fileID: -6621945745981909287, guid: 789031c8a8f63a242b1ea3b560ceac4b, type: 3}
      propertyPath: m_Layer
      value: 8
      objectReference: {fileID: 0}
    - target: {fileID: -6370085079684087283, guid: 789031c8a8f63a242b1ea3b560ceac4b, type: 3}
      propertyPath: m_Layer
      value: 8
      objectReference: {fileID: 0}
    - target: {fileID: -6234591296559379751, guid: 789031c8a8f63a242b1ea3b560ceac4b, type: 3}
      propertyPath: m_Layer
      value: 8
      objectReference: {fileID: 0}
    - target: {fileID: -6170625038081293824, guid: 789031c8a8f63a242b1ea3b560ceac4b, type: 3}
      propertyPath: m_Layer
      value: 8
      objectReference: {fileID: 0}
    - target: {fileID: -6056541330796499132, guid: 789031c8a8f63a242b1ea3b560ceac4b, type: 3}
      propertyPath: m_Layer
      value: 8
      objectReference: {fileID: 0}
    - target: {fileID: -6024149945523619558, guid: 789031c8a8f63a242b1ea3b560ceac4b, type: 3}
      propertyPath: m_LocalEulerAnglesHint.x
      value: -4.05468
      objectReference: {fileID: 0}
    - target: {fileID: -6024149945523619558, guid: 789031c8a8f63a242b1ea3b560ceac4b, type: 3}
      propertyPath: m_LocalEulerAnglesHint.y
      value: 0.0572221
      objectReference: {fileID: 0}
    - target: {fileID: -6024149945523619558, guid: 789031c8a8f63a242b1ea3b560ceac4b, type: 3}
      propertyPath: m_LocalEulerAnglesHint.z
      value: 0.48977047
      objectReference: {fileID: 0}
    - target: {fileID: -5857696854640597626, guid: 789031c8a8f63a242b1ea3b560ceac4b, type: 3}
      propertyPath: m_Layer
      value: 8
      objectReference: {fileID: 0}
    - target: {fileID: -5665043316445423941, guid: 789031c8a8f63a242b1ea3b560ceac4b, type: 3}
      propertyPath: m_LocalEulerAnglesHint.x
      value: -4.237796
      objectReference: {fileID: 0}
    - target: {fileID: -5665043316445423941, guid: 789031c8a8f63a242b1ea3b560ceac4b, type: 3}
      propertyPath: m_LocalEulerAnglesHint.y
      value: 0.018865049
      objectReference: {fileID: 0}
    - target: {fileID: -5665043316445423941, guid: 789031c8a8f63a242b1ea3b560ceac4b, type: 3}
      propertyPath: m_LocalEulerAnglesHint.z
      value: -0.5123569
      objectReference: {fileID: 0}
    - target: {fileID: -5561550452697079657, guid: 789031c8a8f63a242b1ea3b560ceac4b, type: 3}
      propertyPath: m_Layer
      value: 8
      objectReference: {fileID: 0}
    - target: {fileID: -5480977901411583989, guid: 789031c8a8f63a242b1ea3b560ceac4b, type: 3}
      propertyPath: m_LocalEulerAnglesHint.x
      value: -0.13109753
      objectReference: {fileID: 0}
    - target: {fileID: -5480977901411583989, guid: 789031c8a8f63a242b1ea3b560ceac4b, type: 3}
      propertyPath: m_LocalEulerAnglesHint.y
      value: 0.0001967339
      objectReference: {fileID: 0}
    - target: {fileID: -5480977901411583989, guid: 789031c8a8f63a242b1ea3b560ceac4b, type: 3}
      propertyPath: m_LocalEulerAnglesHint.z
      value: 0.015977323
      objectReference: {fileID: 0}
    - target: {fileID: -5195048882033904264, guid: 789031c8a8f63a242b1ea3b560ceac4b, type: 3}
      propertyPath: m_Layer
      value: 8
      objectReference: {fileID: 0}
    - target: {fileID: -4999088201633142198, guid: 789031c8a8f63a242b1ea3b560ceac4b, type: 3}
      propertyPath: m_Layer
      value: 8
      objectReference: {fileID: 0}
    - target: {fileID: -4728426434207774260, guid: 789031c8a8f63a242b1ea3b560ceac4b, type: 3}
      propertyPath: m_Layer
      value: 8
      objectReference: {fileID: 0}
    - target: {fileID: -4501530691011011137, guid: 789031c8a8f63a242b1ea3b560ceac4b, type: 3}
      propertyPath: m_Layer
      value: 8
      objectReference: {fileID: 0}
    - target: {fileID: -4332706925441422008, guid: 789031c8a8f63a242b1ea3b560ceac4b, type: 3}
      propertyPath: m_Layer
      value: 8
      objectReference: {fileID: 0}
    - target: {fileID: -4278032810995721380, guid: 789031c8a8f63a242b1ea3b560ceac4b, type: 3}
      propertyPath: m_Layer
      value: 8
      objectReference: {fileID: 0}
    - target: {fileID: -3799395697873186154, guid: 789031c8a8f63a242b1ea3b560ceac4b, type: 3}
      propertyPath: m_Layer
      value: 8
      objectReference: {fileID: 0}
    - target: {fileID: -3746190272939815206, guid: 789031c8a8f63a242b1ea3b560ceac4b, type: 3}
      propertyPath: m_LocalEulerAnglesHint.x
      value: -25.93922
      objectReference: {fileID: 0}
    - target: {fileID: -3746190272939815206, guid: 789031c8a8f63a242b1ea3b560ceac4b, type: 3}
      propertyPath: m_LocalEulerAnglesHint.y
      value: 1.2573067
      objectReference: {fileID: 0}
    - target: {fileID: -3746190272939815206, guid: 789031c8a8f63a242b1ea3b560ceac4b, type: 3}
      propertyPath: m_LocalEulerAnglesHint.z
      value: 1.4372369
      objectReference: {fileID: 0}
    - target: {fileID: -3542885339558904099, guid: 789031c8a8f63a242b1ea3b560ceac4b, type: 3}
      propertyPath: m_Layer
      value: 8
      objectReference: {fileID: 0}
    - target: {fileID: -3480699329000672020, guid: 789031c8a8f63a242b1ea3b560ceac4b, type: 3}
      propertyPath: m_LocalEulerAnglesHint.x
      value: -11.196686
      objectReference: {fileID: 0}
    - target: {fileID: -3480699329000672020, guid: 789031c8a8f63a242b1ea3b560ceac4b, type: 3}
      propertyPath: m_LocalEulerAnglesHint.y
      value: 0.40001893
      objectReference: {fileID: 0}
    - target: {fileID: -3480699329000672020, guid: 789031c8a8f63a242b1ea3b560ceac4b, type: 3}
      propertyPath: m_LocalEulerAnglesHint.z
      value: -0.66253525
      objectReference: {fileID: 0}
    - target: {fileID: -3478013746326755454, guid: 789031c8a8f63a242b1ea3b560ceac4b, type: 3}
      propertyPath: m_Layer
      value: 8
      objectReference: {fileID: 0}
    - target: {fileID: -3432401550182100168, guid: 789031c8a8f63a242b1ea3b560ceac4b, type: 3}
      propertyPath: m_LocalEulerAnglesHint.x
      value: 28.121544
      objectReference: {fileID: 0}
    - target: {fileID: -3432401550182100168, guid: 789031c8a8f63a242b1ea3b560ceac4b, type: 3}
      propertyPath: m_LocalEulerAnglesHint.y
      value: -67.39645
      objectReference: {fileID: 0}
    - target: {fileID: -3432401550182100168, guid: 789031c8a8f63a242b1ea3b560ceac4b, type: 3}
      propertyPath: m_LocalEulerAnglesHint.z
      value: -68.67772
      objectReference: {fileID: 0}
    - target: {fileID: -3321919801592875672, guid: 789031c8a8f63a242b1ea3b560ceac4b, type: 3}
      propertyPath: m_LocalEulerAnglesHint.x
      value: 2.212128
      objectReference: {fileID: 0}
    - target: {fileID: -3321919801592875672, guid: 789031c8a8f63a242b1ea3b560ceac4b, type: 3}
      propertyPath: m_LocalEulerAnglesHint.y
      value: -2.0313983
      objectReference: {fileID: 0}
    - target: {fileID: -3321919801592875672, guid: 789031c8a8f63a242b1ea3b560ceac4b, type: 3}
      propertyPath: m_LocalEulerAnglesHint.z
      value: 0.25944245
      objectReference: {fileID: 0}
    - target: {fileID: -3214267034143217929, guid: 789031c8a8f63a242b1ea3b560ceac4b, type: 3}
      propertyPath: m_Layer
      value: 8
      objectReference: {fileID: 0}
    - target: {fileID: -3086436065929644917, guid: 789031c8a8f63a242b1ea3b560ceac4b, type: 3}
      propertyPath: m_Layer
      value: 8
      objectReference: {fileID: 0}
    - target: {fileID: -2899422035419094908, guid: 789031c8a8f63a242b1ea3b560ceac4b, type: 3}
      propertyPath: m_LocalEulerAnglesHint.x
      value: 1.203492
      objectReference: {fileID: 0}
    - target: {fileID: -2899422035419094908, guid: 789031c8a8f63a242b1ea3b560ceac4b, type: 3}
      propertyPath: m_LocalEulerAnglesHint.y
      value: -0.0015251724
      objectReference: {fileID: 0}
    - target: {fileID: -2899422035419094908, guid: 789031c8a8f63a242b1ea3b560ceac4b, type: 3}
      propertyPath: m_LocalEulerAnglesHint.z
      value: -0.14669527
      objectReference: {fileID: 0}
    - target: {fileID: -2770666803903516498, guid: 789031c8a8f63a242b1ea3b560ceac4b, type: 3}
      propertyPath: m_LocalEulerAnglesHint.x
      value: 39.04458
      objectReference: {fileID: 0}
    - target: {fileID: -2770666803903516498, guid: 789031c8a8f63a242b1ea3b560ceac4b, type: 3}
      propertyPath: m_LocalEulerAnglesHint.y
      value: 0.00000627737
      objectReference: {fileID: 0}
    - target: {fileID: -2770666803903516498, guid: 789031c8a8f63a242b1ea3b560ceac4b, type: 3}
      propertyPath: m_LocalEulerAnglesHint.z
      value: 0.000000078073015
      objectReference: {fileID: 0}
    - target: {fileID: -2656431786303760210, guid: 789031c8a8f63a242b1ea3b560ceac4b, type: 3}
      propertyPath: m_Layer
      value: 8
      objectReference: {fileID: 0}
    - target: {fileID: -2594260964506120097, guid: 789031c8a8f63a242b1ea3b560ceac4b, type: 3}
      propertyPath: m_LocalEulerAnglesHint.x
      value: 20.993763
      objectReference: {fileID: 0}
    - target: {fileID: -2594260964506120097, guid: 789031c8a8f63a242b1ea3b560ceac4b, type: 3}
      propertyPath: m_LocalEulerAnglesHint.y
      value: 0.36380687
      objectReference: {fileID: 0}
    - target: {fileID: -2594260964506120097, guid: 789031c8a8f63a242b1ea3b560ceac4b, type: 3}
      propertyPath: m_LocalEulerAnglesHint.z
      value: -8.134879
      objectReference: {fileID: 0}
    - target: {fileID: -2389525917609993686, guid: 789031c8a8f63a242b1ea3b560ceac4b, type: 3}
      propertyPath: m_LocalEulerAnglesHint.x
      value: 1.4048718
      objectReference: {fileID: 0}
    - target: {fileID: -2389525917609993686, guid: 789031c8a8f63a242b1ea3b560ceac4b, type: 3}
      propertyPath: m_LocalEulerAnglesHint.y
      value: 0.0019872012
      objectReference: {fileID: 0}
    - target: {fileID: -2389525917609993686, guid: 789031c8a8f63a242b1ea3b560ceac4b, type: 3}
      propertyPath: m_LocalEulerAnglesHint.z
      value: 0.16958363
      objectReference: {fileID: 0}
    - target: {fileID: -2084811680363313996, guid: 789031c8a8f63a242b1ea3b560ceac4b, type: 3}
      propertyPath: m_Layer
      value: 8
      objectReference: {fileID: 0}
    - target: {fileID: -2072040086291044643, guid: 789031c8a8f63a242b1ea3b560ceac4b, type: 3}
      propertyPath: m_LocalEulerAnglesHint.x
      value: -28.082264
      objectReference: {fileID: 0}
    - target: {fileID: -2072040086291044643, guid: 789031c8a8f63a242b1ea3b560ceac4b, type: 3}
      propertyPath: m_LocalEulerAnglesHint.y
      value: 9.3345175
      objectReference: {fileID: 0}
    - target: {fileID: -2072040086291044643, guid: 789031c8a8f63a242b1ea3b560ceac4b, type: 3}
      propertyPath: m_LocalEulerAnglesHint.z
      value: -5.8743663
      objectReference: {fileID: 0}
    - target: {fileID: -1864740628597940677, guid: 789031c8a8f63a242b1ea3b560ceac4b, type: 3}
      propertyPath: m_LocalEulerAnglesHint.x
      value: -3.240424
      objectReference: {fileID: 0}
    - target: {fileID: -1864740628597940677, guid: 789031c8a8f63a242b1ea3b560ceac4b, type: 3}
      propertyPath: m_LocalEulerAnglesHint.y
      value: 0.011048344
      objectReference: {fileID: 0}
    - target: {fileID: -1864740628597940677, guid: 789031c8a8f63a242b1ea3b560ceac4b, type: 3}
      propertyPath: m_LocalEulerAnglesHint.z
      value: -0.39147222
      objectReference: {fileID: 0}
    - target: {fileID: -1812909498023395591, guid: 789031c8a8f63a242b1ea3b560ceac4b, type: 3}
      propertyPath: m_LocalEulerAnglesHint.x
      value: 0.000011085052
      objectReference: {fileID: 0}
    - target: {fileID: -1812909498023395591, guid: 789031c8a8f63a242b1ea3b560ceac4b, type: 3}
      propertyPath: m_LocalEulerAnglesHint.y
      value: -0.0000115422245
      objectReference: {fileID: 0}
    - target: {fileID: -1812909498023395591, guid: 789031c8a8f63a242b1ea3b560ceac4b, type: 3}
      propertyPath: m_LocalEulerAnglesHint.z
      value: -0.866795
      objectReference: {fileID: 0}
    - target: {fileID: -1781356600409242780, guid: 789031c8a8f63a242b1ea3b560ceac4b, type: 3}
      propertyPath: m_Layer
      value: 8
      objectReference: {fileID: 0}
    - target: {fileID: -1703473491307067327, guid: 789031c8a8f63a242b1ea3b560ceac4b, type: 3}
      propertyPath: m_Name
      value: mixamorig:LeftToeEnd
      objectReference: {fileID: 0}
    - target: {fileID: -1703473491307067327, guid: 789031c8a8f63a242b1ea3b560ceac4b, type: 3}
      propertyPath: m_Layer
      value: 8
      objectReference: {fileID: 0}
    - target: {fileID: -1425791611860619382, guid: 789031c8a8f63a242b1ea3b560ceac4b, type: 3}
      propertyPath: m_Layer
      value: 8
      objectReference: {fileID: 0}
    - target: {fileID: -1268151995469589007, guid: 789031c8a8f63a242b1ea3b560ceac4b, type: 3}
      propertyPath: m_Layer
      value: 8
      objectReference: {fileID: 0}
    - target: {fileID: -1200856079203341021, guid: 789031c8a8f63a242b1ea3b560ceac4b, type: 3}
      propertyPath: m_Layer
      value: 8
      objectReference: {fileID: 0}
    - target: {fileID: -1070350730909333850, guid: 789031c8a8f63a242b1ea3b560ceac4b, type: 3}
      propertyPath: m_LocalEulerAnglesHint.x
      value: 25.498505
      objectReference: {fileID: 0}
    - target: {fileID: -1070350730909333850, guid: 789031c8a8f63a242b1ea3b560ceac4b, type: 3}
      propertyPath: m_LocalEulerAnglesHint.y
      value: -0.7432346
      objectReference: {fileID: 0}
    - target: {fileID: -1070350730909333850, guid: 789031c8a8f63a242b1ea3b560ceac4b, type: 3}
      propertyPath: m_LocalEulerAnglesHint.z
      value: -6.4952536
      objectReference: {fileID: 0}
    - target: {fileID: -870823317777057635, guid: 789031c8a8f63a242b1ea3b560ceac4b, type: 3}
      propertyPath: m_LocalEulerAnglesHint.x
      value: 2.204055
      objectReference: {fileID: 0}
    - target: {fileID: -870823317777057635, guid: 789031c8a8f63a242b1ea3b560ceac4b, type: 3}
      propertyPath: m_LocalEulerAnglesHint.y
      value: 0.6475879
      objectReference: {fileID: 0}
    - target: {fileID: -870823317777057635, guid: 789031c8a8f63a242b1ea3b560ceac4b, type: 3}
      propertyPath: m_LocalEulerAnglesHint.z
      value: -0.5807895
      objectReference: {fileID: 0}
    - target: {fileID: -751476226918971245, guid: 789031c8a8f63a242b1ea3b560ceac4b, type: 3}
      propertyPath: m_Layer
      value: 8
      objectReference: {fileID: 0}
    - target: {fileID: -552831747908440785, guid: 789031c8a8f63a242b1ea3b560ceac4b, type: 3}
      propertyPath: m_Layer
      value: 8
      objectReference: {fileID: 0}
    - target: {fileID: -290750445479886849, guid: 789031c8a8f63a242b1ea3b560ceac4b, type: 3}
      propertyPath: m_Layer
      value: 8
      objectReference: {fileID: 0}
    - target: {fileID: -203856693384778745, guid: 789031c8a8f63a242b1ea3b560ceac4b, type: 3}
      propertyPath: m_Layer
      value: 8
      objectReference: {fileID: 0}
    - target: {fileID: -104578136787704052, guid: 789031c8a8f63a242b1ea3b560ceac4b, type: 3}
      propertyPath: m_LocalEulerAnglesHint.x
      value: 20.619501
      objectReference: {fileID: 0}
    - target: {fileID: -104578136787704052, guid: 789031c8a8f63a242b1ea3b560ceac4b, type: 3}
      propertyPath: m_LocalEulerAnglesHint.y
      value: -0.4779722
      objectReference: {fileID: 0}
    - target: {fileID: -104578136787704052, guid: 789031c8a8f63a242b1ea3b560ceac4b, type: 3}
      propertyPath: m_LocalEulerAnglesHint.z
      value: -3.9597414
      objectReference: {fileID: 0}
    - target: {fileID: -76546954072915012, guid: 789031c8a8f63a242b1ea3b560ceac4b, type: 3}
      propertyPath: m_Layer
      value: 8
      objectReference: {fileID: 0}
    - target: {fileID: 9171100556185337, guid: 789031c8a8f63a242b1ea3b560ceac4b, type: 3}
      propertyPath: m_Layer
      value: 8
      objectReference: {fileID: 0}
    - target: {fileID: 366175167995203695, guid: 789031c8a8f63a242b1ea3b560ceac4b, type: 3}
      propertyPath: m_LocalEulerAnglesHint.x
      value: -2.7400115
      objectReference: {fileID: 0}
    - target: {fileID: 366175167995203695, guid: 789031c8a8f63a242b1ea3b560ceac4b, type: 3}
      propertyPath: m_LocalEulerAnglesHint.y
      value: 0.7457706
      objectReference: {fileID: 0}
    - target: {fileID: 366175167995203695, guid: 789031c8a8f63a242b1ea3b560ceac4b, type: 3}
      propertyPath: m_LocalEulerAnglesHint.z
      value: -1.0755242
      objectReference: {fileID: 0}
    - target: {fileID: 414117464747255840, guid: 789031c8a8f63a242b1ea3b560ceac4b, type: 3}
      propertyPath: m_Layer
      value: 8
      objectReference: {fileID: 0}
    - target: {fileID: 608321761475470972, guid: 789031c8a8f63a242b1ea3b560ceac4b, type: 3}
      propertyPath: m_LocalEulerAnglesHint.x
      value: 66.01373
      objectReference: {fileID: 0}
    - target: {fileID: 608321761475470972, guid: 789031c8a8f63a242b1ea3b560ceac4b, type: 3}
      propertyPath: m_LocalEulerAnglesHint.y
      value: -12.429782
      objectReference: {fileID: 0}
    - target: {fileID: 608321761475470972, guid: 789031c8a8f63a242b1ea3b560ceac4b, type: 3}
      propertyPath: m_LocalEulerAnglesHint.z
      value: -14.320494
      objectReference: {fileID: 0}
    - target: {fileID: 919132149155446097, guid: 789031c8a8f63a242b1ea3b560ceac4b, type: 3}
      propertyPath: m_Name
      value: Ragdoll
      objectReference: {fileID: 0}
    - target: {fileID: 919132149155446097, guid: 789031c8a8f63a242b1ea3b560ceac4b, type: 3}
      propertyPath: m_Layer
      value: 8
      objectReference: {fileID: 0}
    - target: {fileID: 1082271958561512970, guid: 789031c8a8f63a242b1ea3b560ceac4b, type: 3}
      propertyPath: m_Layer
      value: 8
      objectReference: {fileID: 0}
    - target: {fileID: 1092408308860062549, guid: 789031c8a8f63a242b1ea3b560ceac4b, type: 3}
      propertyPath: m_LocalEulerAnglesHint.x
      value: -4.068166
      objectReference: {fileID: 0}
    - target: {fileID: 1092408308860062549, guid: 789031c8a8f63a242b1ea3b560ceac4b, type: 3}
      propertyPath: m_LocalEulerAnglesHint.y
      value: 0.014511429
      objectReference: {fileID: 0}
    - target: {fileID: 1092408308860062549, guid: 789031c8a8f63a242b1ea3b560ceac4b, type: 3}
      propertyPath: m_LocalEulerAnglesHint.z
      value: 0.49441165
      objectReference: {fileID: 0}
    - target: {fileID: 1189529853000058984, guid: 789031c8a8f63a242b1ea3b560ceac4b, type: 3}
      propertyPath: m_LocalEulerAnglesHint.x
      value: 19.24963
      objectReference: {fileID: 0}
    - target: {fileID: 1189529853000058984, guid: 789031c8a8f63a242b1ea3b560ceac4b, type: 3}
      propertyPath: m_LocalEulerAnglesHint.y
      value: -0.4140995
      objectReference: {fileID: 0}
    - target: {fileID: 1189529853000058984, guid: 789031c8a8f63a242b1ea3b560ceac4b, type: 3}
      propertyPath: m_LocalEulerAnglesHint.z
      value: -3.0713494
      objectReference: {fileID: 0}
    - target: {fileID: 1330755669629619180, guid: 789031c8a8f63a242b1ea3b560ceac4b, type: 3}
      propertyPath: m_LocalEulerAnglesHint.x
      value: 26.606018
      objectReference: {fileID: 0}
    - target: {fileID: 1330755669629619180, guid: 789031c8a8f63a242b1ea3b560ceac4b, type: 3}
      propertyPath: m_LocalEulerAnglesHint.y
      value: 0.68163353
      objectReference: {fileID: 0}
    - target: {fileID: 1330755669629619180, guid: 789031c8a8f63a242b1ea3b560ceac4b, type: 3}
      propertyPath: m_LocalEulerAnglesHint.z
      value: -7.5314
      objectReference: {fileID: 0}
    - target: {fileID: 1339101018200438765, guid: 789031c8a8f63a242b1ea3b560ceac4b, type: 3}
      propertyPath: m_Layer
      value: 8
      objectReference: {fileID: 0}
    - target: {fileID: 1564860333797465651, guid: 789031c8a8f63a242b1ea3b560ceac4b, type: 3}
      propertyPath: m_LocalEulerAnglesHint.x
      value: 1.0415077
      objectReference: {fileID: 0}
    - target: {fileID: 1564860333797465651, guid: 789031c8a8f63a242b1ea3b560ceac4b, type: 3}
      propertyPath: m_LocalEulerAnglesHint.y
      value: 0.0012165529
      objectReference: {fileID: 0}
    - target: {fileID: 1564860333797465651, guid: 789031c8a8f63a242b1ea3b560ceac4b, type: 3}
      propertyPath: m_LocalEulerAnglesHint.z
      value: 0.12569684
      objectReference: {fileID: 0}
    - target: {fileID: 1711505207429034123, guid: 789031c8a8f63a242b1ea3b560ceac4b, type: 3}
      propertyPath: m_Layer
      value: 8
      objectReference: {fileID: 0}
    - target: {fileID: 1852576806548013000, guid: 789031c8a8f63a242b1ea3b560ceac4b, type: 3}
      propertyPath: m_LocalEulerAnglesHint.x
      value: 9.176817
      objectReference: {fileID: 0}
    - target: {fileID: 1852576806548013000, guid: 789031c8a8f63a242b1ea3b560ceac4b, type: 3}
      propertyPath: m_LocalEulerAnglesHint.y
      value: -19.019957
      objectReference: {fileID: 0}
    - target: {fileID: 1852576806548013000, guid: 789031c8a8f63a242b1ea3b560ceac4b, type: 3}
      propertyPath: m_LocalEulerAnglesHint.z
      value: -5.192732
      objectReference: {fileID: 0}
    - target: {fileID: 2158975759703390516, guid: 789031c8a8f63a242b1ea3b560ceac4b, type: 3}
      propertyPath: m_Layer
      value: 8
      objectReference: {fileID: 0}
    - target: {fileID: 2559285840627121667, guid: 789031c8a8f63a242b1ea3b560ceac4b, type: 3}
      propertyPath: m_LocalEulerAnglesHint.x
      value: -15.020794
      objectReference: {fileID: 0}
    - target: {fileID: 2559285840627121667, guid: 789031c8a8f63a242b1ea3b560ceac4b, type: 3}
      propertyPath: m_LocalEulerAnglesHint.y
      value: -5.0766373
      objectReference: {fileID: 0}
    - target: {fileID: 2559285840627121667, guid: 789031c8a8f63a242b1ea3b560ceac4b, type: 3}
      propertyPath: m_LocalEulerAnglesHint.z
      value: 173.10437
      objectReference: {fileID: 0}
    - target: {fileID: 2563496969622287784, guid: 789031c8a8f63a242b1ea3b560ceac4b, type: 3}
      propertyPath: m_LocalEulerAnglesHint.x
      value: 0.000028503335
      objectReference: {fileID: 0}
    - target: {fileID: 2563496969622287784, guid: 789031c8a8f63a242b1ea3b560ceac4b, type: 3}
      propertyPath: m_LocalEulerAnglesHint.y
      value: -0.0000021409455
      objectReference: {fileID: 0}
    - target: {fileID: 2563496969622287784, guid: 789031c8a8f63a242b1ea3b560ceac4b, type: 3}
      propertyPath: m_LocalEulerAnglesHint.z
      value: 0.42306432
      objectReference: {fileID: 0}
    - target: {fileID: 2586065998465600510, guid: 789031c8a8f63a242b1ea3b560ceac4b, type: 3}
      propertyPath: m_Layer
      value: 8
      objectReference: {fileID: 0}
    - target: {fileID: 2715566404302941441, guid: 789031c8a8f63a242b1ea3b560ceac4b, type: 3}
      propertyPath: m_Layer
      value: 8
      objectReference: {fileID: 0}
    - target: {fileID: 2898355158428612036, guid: 789031c8a8f63a242b1ea3b560ceac4b, type: 3}
      propertyPath: m_Layer
      value: 8
      objectReference: {fileID: 0}
    - target: {fileID: 2916570863362053800, guid: 789031c8a8f63a242b1ea3b560ceac4b, type: 3}
      propertyPath: m_LocalEulerAnglesHint.x
      value: 39.164757
      objectReference: {fileID: 0}
    - target: {fileID: 2916570863362053800, guid: 789031c8a8f63a242b1ea3b560ceac4b, type: 3}
      propertyPath: m_LocalEulerAnglesHint.y
      value: 0.0000063527905
      objectReference: {fileID: 0}
    - target: {fileID: 2916570863362053800, guid: 789031c8a8f63a242b1ea3b560ceac4b, type: 3}
      propertyPath: m_LocalEulerAnglesHint.z
      value: 0.000009458377
      objectReference: {fileID: 0}
    - target: {fileID: 3047284246813455858, guid: 789031c8a8f63a242b1ea3b560ceac4b, type: 3}
      propertyPath: m_Layer
      value: 8
      objectReference: {fileID: 0}
    - target: {fileID: 3135921509060577837, guid: 789031c8a8f63a242b1ea3b560ceac4b, type: 3}
      propertyPath: m_Layer
      value: 8
      objectReference: {fileID: 0}
    - target: {fileID: 3183749884578473501, guid: 789031c8a8f63a242b1ea3b560ceac4b, type: 3}
      propertyPath: m_LocalEulerAnglesHint.x
      value: -3.9061623
      objectReference: {fileID: 0}
    - target: {fileID: 3183749884578473501, guid: 789031c8a8f63a242b1ea3b560ceac4b, type: 3}
      propertyPath: m_LocalEulerAnglesHint.y
      value: 0.015951838
      objectReference: {fileID: 0}
    - target: {fileID: 3183749884578473501, guid: 789031c8a8f63a242b1ea3b560ceac4b, type: 3}
      propertyPath: m_LocalEulerAnglesHint.z
      value: -0.47211856
      objectReference: {fileID: 0}
    - target: {fileID: 3588849560313704984, guid: 789031c8a8f63a242b1ea3b560ceac4b, type: 3}
      propertyPath: m_Layer
      value: 8
      objectReference: {fileID: 0}
    - target: {fileID: 3614653200513675785, guid: 789031c8a8f63a242b1ea3b560ceac4b, type: 3}
      propertyPath: m_Layer
      value: 8
      objectReference: {fileID: 0}
    - target: {fileID: 3667946887678727147, guid: 789031c8a8f63a242b1ea3b560ceac4b, type: 3}
      propertyPath: m_LocalEulerAnglesHint.x
      value: 22.813446
      objectReference: {fileID: 0}
    - target: {fileID: 3667946887678727147, guid: 789031c8a8f63a242b1ea3b560ceac4b, type: 3}
      propertyPath: m_LocalEulerAnglesHint.y
      value: -0.5873194
      objectReference: {fileID: 0}
    - target: {fileID: 3667946887678727147, guid: 789031c8a8f63a242b1ea3b560ceac4b, type: 3}
      propertyPath: m_LocalEulerAnglesHint.z
      value: -5.384274
      objectReference: {fileID: 0}
    - target: {fileID: 3882815353823017779, guid: 789031c8a8f63a242b1ea3b560ceac4b, type: 3}
      propertyPath: m_Layer
      value: 8
      objectReference: {fileID: 0}
    - target: {fileID: 3948933247560734027, guid: 789031c8a8f63a242b1ea3b560ceac4b, type: 3}
      propertyPath: m_Layer
      value: 8
      objectReference: {fileID: 0}
    - target: {fileID: 3974016661214395164, guid: 789031c8a8f63a242b1ea3b560ceac4b, type: 3}
      propertyPath: m_Layer
      value: 8
      objectReference: {fileID: 0}
    - target: {fileID: 4114030615378554161, guid: 789031c8a8f63a242b1ea3b560ceac4b, type: 3}
      propertyPath: m_Layer
      value: 8
      objectReference: {fileID: 0}
    - target: {fileID: 4237274458221626025, guid: 789031c8a8f63a242b1ea3b560ceac4b, type: 3}
      propertyPath: m_Layer
      value: 8
      objectReference: {fileID: 0}
    - target: {fileID: 4441848305933595309, guid: 789031c8a8f63a242b1ea3b560ceac4b, type: 3}
      propertyPath: m_Layer
      value: 8
      objectReference: {fileID: 0}
    - target: {fileID: 4549111882529890269, guid: 789031c8a8f63a242b1ea3b560ceac4b, type: 3}
      propertyPath: m_Layer
      value: 8
      objectReference: {fileID: 0}
    - target: {fileID: 4747904710347621765, guid: 789031c8a8f63a242b1ea3b560ceac4b, type: 3}
      propertyPath: m_LocalEulerAnglesHint.x
      value: 19.084883
      objectReference: {fileID: 0}
    - target: {fileID: 4747904710347621765, guid: 789031c8a8f63a242b1ea3b560ceac4b, type: 3}
      propertyPath: m_LocalEulerAnglesHint.y
      value: 0.35290676
      objectReference: {fileID: 0}
    - target: {fileID: 4747904710347621765, guid: 789031c8a8f63a242b1ea3b560ceac4b, type: 3}
      propertyPath: m_LocalEulerAnglesHint.z
      value: -4.558752
      objectReference: {fileID: 0}
    - target: {fileID: 5048025441337412694, guid: 789031c8a8f63a242b1ea3b560ceac4b, type: 3}
      propertyPath: m_LocalEulerAnglesHint.x
      value: 26.463602
      objectReference: {fileID: 0}
    - target: {fileID: 5048025441337412694, guid: 789031c8a8f63a242b1ea3b560ceac4b, type: 3}
      propertyPath: m_LocalEulerAnglesHint.y
      value: 1.8765281
      objectReference: {fileID: 0}
    - target: {fileID: 5048025441337412694, guid: 789031c8a8f63a242b1ea3b560ceac4b, type: 3}
      propertyPath: m_LocalEulerAnglesHint.z
      value: -25.014679
      objectReference: {fileID: 0}
    - target: {fileID: 5097370190579632962, guid: 789031c8a8f63a242b1ea3b560ceac4b, type: 3}
      propertyPath: m_LocalEulerAnglesHint.x
      value: -3.8715441
      objectReference: {fileID: 0}
    - target: {fileID: 5097370190579632962, guid: 789031c8a8f63a242b1ea3b560ceac4b, type: 3}
      propertyPath: m_LocalEulerAnglesHint.y
      value: -0.015970107
      objectReference: {fileID: 0}
    - target: {fileID: 5097370190579632962, guid: 789031c8a8f63a242b1ea3b560ceac4b, type: 3}
      propertyPath: m_LocalEulerAnglesHint.z
      value: 0.47256216
      objectReference: {fileID: 0}
    - target: {fileID: 5120724536234783804, guid: 789031c8a8f63a242b1ea3b560ceac4b, type: 3}
      propertyPath: m_Layer
      value: 8
      objectReference: {fileID: 0}
    - target: {fileID: 5372056943023685468, guid: 789031c8a8f63a242b1ea3b560ceac4b, type: 3}
      propertyPath: m_LocalEulerAnglesHint.x
      value: -0.06321579
      objectReference: {fileID: 0}
    - target: {fileID: 5372056943023685468, guid: 789031c8a8f63a242b1ea3b560ceac4b, type: 3}
      propertyPath: m_LocalEulerAnglesHint.y
      value: 0.00003250781
      objectReference: {fileID: 0}
    - target: {fileID: 5372056943023685468, guid: 789031c8a8f63a242b1ea3b560ceac4b, type: 3}
      propertyPath: m_LocalEulerAnglesHint.z
      value: 0.0077118827
      objectReference: {fileID: 0}
    - target: {fileID: 5465940246521907071, guid: 789031c8a8f63a242b1ea3b560ceac4b, type: 3}
      propertyPath: m_LocalEulerAnglesHint.x
      value: 1.8300943
      objectReference: {fileID: 0}
    - target: {fileID: 5465940246521907071, guid: 789031c8a8f63a242b1ea3b560ceac4b, type: 3}
      propertyPath: m_LocalEulerAnglesHint.y
      value: 3.238662
      objectReference: {fileID: 0}
    - target: {fileID: 5465940246521907071, guid: 789031c8a8f63a242b1ea3b560ceac4b, type: 3}
      propertyPath: m_LocalEulerAnglesHint.z
      value: 1.7372257
      objectReference: {fileID: 0}
    - target: {fileID: 6000407479487422213, guid: 789031c8a8f63a242b1ea3b560ceac4b, type: 3}
      propertyPath: m_LocalEulerAnglesHint.x
      value: 38.907463
      objectReference: {fileID: 0}
    - target: {fileID: 6000407479487422213, guid: 789031c8a8f63a242b1ea3b560ceac4b, type: 3}
      propertyPath: m_LocalEulerAnglesHint.y
      value: 54.05481
      objectReference: {fileID: 0}
    - target: {fileID: 6000407479487422213, guid: 789031c8a8f63a242b1ea3b560ceac4b, type: 3}
      propertyPath: m_LocalEulerAnglesHint.z
      value: 54.364017
      objectReference: {fileID: 0}
    - target: {fileID: 6240733294840144465, guid: 789031c8a8f63a242b1ea3b560ceac4b, type: 3}
      propertyPath: m_Layer
      value: 8
      objectReference: {fileID: 0}
    - target: {fileID: 6341119541397085964, guid: 789031c8a8f63a242b1ea3b560ceac4b, type: 3}
      propertyPath: m_LocalEulerAnglesHint.x
      value: 1.3869503
      objectReference: {fileID: 0}
    - target: {fileID: 6341119541397085964, guid: 789031c8a8f63a242b1ea3b560ceac4b, type: 3}
      propertyPath: m_LocalEulerAnglesHint.y
      value: -0.001993156
      objectReference: {fileID: 0}
    - target: {fileID: 6341119541397085964, guid: 789031c8a8f63a242b1ea3b560ceac4b, type: 3}
      propertyPath: m_LocalEulerAnglesHint.z
      value: -0.1690655
      objectReference: {fileID: 0}
    - target: {fileID: 6502182839619065283, guid: 789031c8a8f63a242b1ea3b560ceac4b, type: 3}
      propertyPath: m_LocalEulerAnglesHint.x
      value: 6.4168396
      objectReference: {fileID: 0}
    - target: {fileID: 6502182839619065283, guid: 789031c8a8f63a242b1ea3b560ceac4b, type: 3}
      propertyPath: m_LocalEulerAnglesHint.y
      value: 23.363289
      objectReference: {fileID: 0}
    - target: {fileID: 6502182839619065283, guid: 789031c8a8f63a242b1ea3b560ceac4b, type: 3}
      propertyPath: m_LocalEulerAnglesHint.z
      value: 10.321659
      objectReference: {fileID: 0}
    - target: {fileID: 6514210125699187276, guid: 789031c8a8f63a242b1ea3b560ceac4b, type: 3}
      propertyPath: m_Layer
      value: 8
      objectReference: {fileID: 0}
    - target: {fileID: 6515712193588681746, guid: 789031c8a8f63a242b1ea3b560ceac4b, type: 3}
      propertyPath: m_LocalEulerAnglesHint.x
      value: 5.505036
      objectReference: {fileID: 0}
    - target: {fileID: 6515712193588681746, guid: 789031c8a8f63a242b1ea3b560ceac4b, type: 3}
      propertyPath: m_LocalEulerAnglesHint.y
      value: -0.111993045
      objectReference: {fileID: 0}
    - target: {fileID: 6515712193588681746, guid: 789031c8a8f63a242b1ea3b560ceac4b, type: 3}
      propertyPath: m_LocalEulerAnglesHint.z
      value: -1.2998598
      objectReference: {fileID: 0}
    - target: {fileID: 6655383506977046455, guid: 789031c8a8f63a242b1ea3b560ceac4b, type: 3}
      propertyPath: m_LocalEulerAnglesHint.x
      value: 0.48977998
      objectReference: {fileID: 0}
    - target: {fileID: 6655383506977046455, guid: 789031c8a8f63a242b1ea3b560ceac4b, type: 3}
      propertyPath: m_LocalEulerAnglesHint.y
      value: -0.016591216
      objectReference: {fileID: 0}
    - target: {fileID: 6655383506977046455, guid: 789031c8a8f63a242b1ea3b560ceac4b, type: 3}
      propertyPath: m_LocalEulerAnglesHint.z
      value: -4.0568433
      objectReference: {fileID: 0}
    - target: {fileID: 7078722787440015773, guid: 789031c8a8f63a242b1ea3b560ceac4b, type: 3}
      propertyPath: m_LocalEulerAnglesHint.x
      value: 76.984215
      objectReference: {fileID: 0}
    - target: {fileID: 7078722787440015773, guid: 789031c8a8f63a242b1ea3b560ceac4b, type: 3}
      propertyPath: m_LocalEulerAnglesHint.y
      value: -129.8005
      objectReference: {fileID: 0}
    - target: {fileID: 7078722787440015773, guid: 789031c8a8f63a242b1ea3b560ceac4b, type: 3}
      propertyPath: m_LocalEulerAnglesHint.z
      value: 129.14522
      objectReference: {fileID: 0}
    - target: {fileID: 7363479242261063072, guid: 789031c8a8f63a242b1ea3b560ceac4b, type: 3}
      propertyPath: m_Layer
      value: 8
      objectReference: {fileID: 0}
    - target: {fileID: 7542137907003004905, guid: 789031c8a8f63a242b1ea3b560ceac4b, type: 3}
      propertyPath: m_Layer
      value: 8
      objectReference: {fileID: 0}
    - target: {fileID: 7666680083751660616, guid: 789031c8a8f63a242b1ea3b560ceac4b, type: 3}
      propertyPath: m_LocalEulerAnglesHint.x
      value: 0.01883176
      objectReference: {fileID: 0}
    - target: {fileID: 7666680083751660616, guid: 789031c8a8f63a242b1ea3b560ceac4b, type: 3}
      propertyPath: m_LocalEulerAnglesHint.y
      value: -0.000037827704
      objectReference: {fileID: 0}
    - target: {fileID: 7666680083751660616, guid: 789031c8a8f63a242b1ea3b560ceac4b, type: 3}
      propertyPath: m_LocalEulerAnglesHint.z
      value: 0.0022680429
      objectReference: {fileID: 0}
    - target: {fileID: 7732535366517880319, guid: 789031c8a8f63a242b1ea3b560ceac4b, type: 3}
      propertyPath: m_Layer
      value: 8
      objectReference: {fileID: 0}
    - target: {fileID: 7776229726456038893, guid: 789031c8a8f63a242b1ea3b560ceac4b, type: 3}
      propertyPath: m_Layer
      value: 8
      objectReference: {fileID: 0}
    - target: {fileID: 7882376022164389543, guid: 789031c8a8f63a242b1ea3b560ceac4b, type: 3}
      propertyPath: m_Layer
      value: 8
      objectReference: {fileID: 0}
    - target: {fileID: 8169382868667117632, guid: 789031c8a8f63a242b1ea3b560ceac4b, type: 3}
      propertyPath: m_LocalEulerAnglesHint.x
      value: -11.892902
      objectReference: {fileID: 0}
    - target: {fileID: 8169382868667117632, guid: 789031c8a8f63a242b1ea3b560ceac4b, type: 3}
      propertyPath: m_LocalEulerAnglesHint.y
      value: 5.1811132
      objectReference: {fileID: 0}
    - target: {fileID: 8169382868667117632, guid: 789031c8a8f63a242b1ea3b560ceac4b, type: 3}
      propertyPath: m_LocalEulerAnglesHint.z
      value: -177.6529
      objectReference: {fileID: 0}
    - target: {fileID: 8255111157037086696, guid: 789031c8a8f63a242b1ea3b560ceac4b, type: 3}
      propertyPath: m_LocalEulerAnglesHint.x
      value: 23.577291
      objectReference: {fileID: 0}
    - target: {fileID: 8255111157037086696, guid: 789031c8a8f63a242b1ea3b560ceac4b, type: 3}
      propertyPath: m_LocalEulerAnglesHint.y
      value: 0.50491124
      objectReference: {fileID: 0}
    - target: {fileID: 8255111157037086696, guid: 789031c8a8f63a242b1ea3b560ceac4b, type: 3}
      propertyPath: m_LocalEulerAnglesHint.z
      value: -7.711588
      objectReference: {fileID: 0}
    - target: {fileID: 8447082967072642302, guid: 789031c8a8f63a242b1ea3b560ceac4b, type: 3}
      propertyPath: m_LocalEulerAnglesHint.x
      value: 26.42935
      objectReference: {fileID: 0}
    - target: {fileID: 8447082967072642302, guid: 789031c8a8f63a242b1ea3b560ceac4b, type: 3}
      propertyPath: m_LocalEulerAnglesHint.y
      value: -3.1750445
      objectReference: {fileID: 0}
    - target: {fileID: 8447082967072642302, guid: 789031c8a8f63a242b1ea3b560ceac4b, type: 3}
      propertyPath: m_LocalEulerAnglesHint.z
      value: 10.428608
      objectReference: {fileID: 0}
    - target: {fileID: 8817898888258712963, guid: 789031c8a8f63a242b1ea3b560ceac4b, type: 3}
      propertyPath: m_Layer
      value: 8
      objectReference: {fileID: 0}
    - target: {fileID: 8953972740105248388, guid: 789031c8a8f63a242b1ea3b560ceac4b, type: 3}
      propertyPath: m_Layer
      value: 8
      objectReference: {fileID: 0}
    - target: {fileID: 9037727976738196030, guid: 789031c8a8f63a242b1ea3b560ceac4b, type: 3}
      propertyPath: m_Layer
      value: 8
      objectReference: {fileID: 0}
    m_RemovedComponents: []
    m_RemovedGameObjects: []
    m_AddedGameObjects: []
    m_AddedComponents:
    - targetCorrespondingSourceObject: {fileID: 919132149155446097, guid: 789031c8a8f63a242b1ea3b560ceac4b, type: 3}
      insertIndex: -1
      addedObject: {fileID: 520289374058684654}
    - targetCorrespondingSourceObject: {fileID: 1082271958561512970, guid: 789031c8a8f63a242b1ea3b560ceac4b, type: 3}
      insertIndex: -1
      addedObject: {fileID: 8321923423333614321}
    - targetCorrespondingSourceObject: {fileID: 1082271958561512970, guid: 789031c8a8f63a242b1ea3b560ceac4b, type: 3}
      insertIndex: -1
      addedObject: {fileID: 6030921872511386421}
    - targetCorrespondingSourceObject: {fileID: 3135921509060577837, guid: 789031c8a8f63a242b1ea3b560ceac4b, type: 3}
      insertIndex: -1
      addedObject: {fileID: 9188339270738396905}
    - targetCorrespondingSourceObject: {fileID: 3135921509060577837, guid: 789031c8a8f63a242b1ea3b560ceac4b, type: 3}
      insertIndex: -1
      addedObject: {fileID: 5100666171531555420}
    - targetCorrespondingSourceObject: {fileID: 3135921509060577837, guid: 789031c8a8f63a242b1ea3b560ceac4b, type: 3}
      insertIndex: -1
      addedObject: {fileID: 2653253330411790501}
    - targetCorrespondingSourceObject: {fileID: -6170625038081293824, guid: 789031c8a8f63a242b1ea3b560ceac4b, type: 3}
      insertIndex: -1
      addedObject: {fileID: 4445534246810046368}
    - targetCorrespondingSourceObject: {fileID: -6170625038081293824, guid: 789031c8a8f63a242b1ea3b560ceac4b, type: 3}
      insertIndex: -1
      addedObject: {fileID: 2624365727947478681}
    - targetCorrespondingSourceObject: {fileID: -6170625038081293824, guid: 789031c8a8f63a242b1ea3b560ceac4b, type: 3}
      insertIndex: -1
      addedObject: {fileID: 3435032468764715726}
    - targetCorrespondingSourceObject: {fileID: -3086436065929644917, guid: 789031c8a8f63a242b1ea3b560ceac4b, type: 3}
      insertIndex: -1
      addedObject: {fileID: 6107364561697379242}
    - targetCorrespondingSourceObject: {fileID: -3086436065929644917, guid: 789031c8a8f63a242b1ea3b560ceac4b, type: 3}
      insertIndex: -1
      addedObject: {fileID: 2265263093184015601}
    - targetCorrespondingSourceObject: {fileID: -3086436065929644917, guid: 789031c8a8f63a242b1ea3b560ceac4b, type: 3}
      insertIndex: -1
      addedObject: {fileID: 5849136168743228054}
    - targetCorrespondingSourceObject: {fileID: -4332706925441422008, guid: 789031c8a8f63a242b1ea3b560ceac4b, type: 3}
      insertIndex: -1
      addedObject: {fileID: 2160619858571811258}
    - targetCorrespondingSourceObject: {fileID: -4332706925441422008, guid: 789031c8a8f63a242b1ea3b560ceac4b, type: 3}
      insertIndex: -1
      addedObject: {fileID: 8051893955079486823}
    - targetCorrespondingSourceObject: {fileID: -4332706925441422008, guid: 789031c8a8f63a242b1ea3b560ceac4b, type: 3}
      insertIndex: -1
      addedObject: {fileID: 5486322861167565732}
    - targetCorrespondingSourceObject: {fileID: -7657966619581158213, guid: 789031c8a8f63a242b1ea3b560ceac4b, type: 3}
      insertIndex: -1
      addedObject: {fileID: 1245598986001620326}
    - targetCorrespondingSourceObject: {fileID: -7657966619581158213, guid: 789031c8a8f63a242b1ea3b560ceac4b, type: 3}
      insertIndex: -1
      addedObject: {fileID: 8318090918518955052}
    - targetCorrespondingSourceObject: {fileID: -7657966619581158213, guid: 789031c8a8f63a242b1ea3b560ceac4b, type: 3}
      insertIndex: -1
      addedObject: {fileID: 6640242500049738256}
    - targetCorrespondingSourceObject: {fileID: 8817898888258712963, guid: 789031c8a8f63a242b1ea3b560ceac4b, type: 3}
      insertIndex: -1
      addedObject: {fileID: 4671529172349695938}
    - targetCorrespondingSourceObject: {fileID: 8817898888258712963, guid: 789031c8a8f63a242b1ea3b560ceac4b, type: 3}
      insertIndex: -1
      addedObject: {fileID: 6953562207567425510}
    - targetCorrespondingSourceObject: {fileID: 8817898888258712963, guid: 789031c8a8f63a242b1ea3b560ceac4b, type: 3}
      insertIndex: -1
      addedObject: {fileID: 2111052436956297805}
    - targetCorrespondingSourceObject: {fileID: 3948933247560734027, guid: 789031c8a8f63a242b1ea3b560ceac4b, type: 3}
      insertIndex: -1
      addedObject: {fileID: 5764558812455569844}
    - targetCorrespondingSourceObject: {fileID: 3948933247560734027, guid: 789031c8a8f63a242b1ea3b560ceac4b, type: 3}
      insertIndex: -1
      addedObject: {fileID: 7886384188789235091}
    - targetCorrespondingSourceObject: {fileID: 3948933247560734027, guid: 789031c8a8f63a242b1ea3b560ceac4b, type: 3}
      insertIndex: -1
      addedObject: {fileID: 8527887515567299925}
    - targetCorrespondingSourceObject: {fileID: -1781356600409242780, guid: 789031c8a8f63a242b1ea3b560ceac4b, type: 3}
      insertIndex: -1
      addedObject: {fileID: 4389429411575436864}
    - targetCorrespondingSourceObject: {fileID: -1781356600409242780, guid: 789031c8a8f63a242b1ea3b560ceac4b, type: 3}
      insertIndex: -1
      addedObject: {fileID: 1502322713322483575}
    - targetCorrespondingSourceObject: {fileID: -1781356600409242780, guid: 789031c8a8f63a242b1ea3b560ceac4b, type: 3}
      insertIndex: -1
      addedObject: {fileID: 4505186997041597234}
    - targetCorrespondingSourceObject: {fileID: -9070493210130169274, guid: 789031c8a8f63a242b1ea3b560ceac4b, type: 3}
      insertIndex: -1
      addedObject: {fileID: 1426793527823816190}
    - targetCorrespondingSourceObject: {fileID: -9070493210130169274, guid: 789031c8a8f63a242b1ea3b560ceac4b, type: 3}
      insertIndex: -1
      addedObject: {fileID: 7118010066535399681}
    - targetCorrespondingSourceObject: {fileID: -9070493210130169274, guid: 789031c8a8f63a242b1ea3b560ceac4b, type: 3}
      insertIndex: -1
      addedObject: {fileID: 2859411434577458850}
    - targetCorrespondingSourceObject: {fileID: -290750445479886849, guid: 789031c8a8f63a242b1ea3b560ceac4b, type: 3}
      insertIndex: -1
      addedObject: {fileID: 7549981373446545246}
    - targetCorrespondingSourceObject: {fileID: -290750445479886849, guid: 789031c8a8f63a242b1ea3b560ceac4b, type: 3}
      insertIndex: -1
      addedObject: {fileID: 1385136413506732569}
    - targetCorrespondingSourceObject: {fileID: -290750445479886849, guid: 789031c8a8f63a242b1ea3b560ceac4b, type: 3}
      insertIndex: -1
      addedObject: {fileID: 7745679106592472581}
  m_SourcePrefab: {fileID: 100100000, guid: 789031c8a8f63a242b1ea3b560ceac4b, type: 3}
--- !u!1 &53762579607033708 stripped
GameObject:
  m_CorrespondingSourceObject: {fileID: 3948933247560734027, guid: 789031c8a8f63a242b1ea3b560ceac4b, type: 3}
  m_PrefabInstance: {fileID: 3923318165663760935}
  m_PrefabAsset: {fileID: 0}
--- !u!136 &5764558812455569844
CapsuleCollider:
  m_ObjectHideFlags: 0
  m_CorrespondingSourceObject: {fileID: 0}
  m_PrefabInstance: {fileID: 0}
  m_PrefabAsset: {fileID: 0}
  m_GameObject: {fileID: 53762579607033708}
  m_Material: {fileID: 0}
  m_IncludeLayers:
    serializedVersion: 2
    m_Bits: 0
  m_ExcludeLayers:
    serializedVersion: 2
    m_Bits: 0
  m_LayerOverridePriority: 0
  m_IsTrigger: 0
  m_ProvidesContacts: 0
  m_Enabled: 1
  serializedVersion: 2
  m_Radius: 0.09493025
  m_Height: 0.47465122
  m_Direction: 1
  m_Center: {x: 0, y: 0.23732561, z: 0}
--- !u!54 &7886384188789235091
Rigidbody:
  m_ObjectHideFlags: 0
  m_CorrespondingSourceObject: {fileID: 0}
  m_PrefabInstance: {fileID: 0}
  m_PrefabAsset: {fileID: 0}
  m_GameObject: {fileID: 53762579607033708}
  serializedVersion: 4
  m_Mass: 4.375
  m_Drag: 0
  m_AngularDrag: 0.05
  m_CenterOfMass: {x: 0, y: 0, z: 0}
  m_InertiaTensor: {x: 1, y: 1, z: 1}
  m_InertiaRotation: {x: 0, y: 0, z: 0, w: 1}
  m_IncludeLayers:
    serializedVersion: 2
    m_Bits: 0
  m_ExcludeLayers:
    serializedVersion: 2
    m_Bits: 0
  m_ImplicitCom: 1
  m_ImplicitTensor: 1
  m_UseGravity: 1
  m_IsKinematic: 1
  m_Interpolate: 0
  m_Constraints: 0
  m_CollisionDetection: 0
--- !u!144 &8527887515567299925
CharacterJoint:
  m_ObjectHideFlags: 0
  m_CorrespondingSourceObject: {fileID: 0}
  m_PrefabInstance: {fileID: 0}
  m_PrefabAsset: {fileID: 0}
  m_GameObject: {fileID: 53762579607033708}
  m_ConnectedBody: {fileID: 6953562207567425510}
  m_ConnectedArticulationBody: {fileID: 0}
  m_Anchor: {x: 0, y: 0, z: 0}
  m_Axis: {x: 1, y: 0, z: 0}
  m_AutoConfigureConnectedAnchor: 1
  m_ConnectedAnchor: {x: 0.0000008419156, y: 0.27841517, z: -0.00000031199306}
  serializedVersion: 2
  m_SwingAxis: {x: 0, y: 0, z: -1}
  m_TwistLimitSpring:
    spring: 0
    damper: 0
  m_LowTwistLimit:
    limit: -90
    bounciness: 0
    contactDistance: 0
  m_HighTwistLimit:
    limit: 0
    bounciness: 0
    contactDistance: 0
  m_SwingLimitSpring:
    spring: 0
    damper: 0
  m_Swing1Limit:
    limit: 0
    bounciness: 0
    contactDistance: 0
  m_Swing2Limit:
    limit: 0
    bounciness: 0
    contactDistance: 0
  m_EnableProjection: 0
  m_ProjectionDistance: 0.1
  m_ProjectionAngle: 180
  m_BreakForce: Infinity
  m_BreakTorque: Infinity
  m_EnableCollision: 0
  m_EnablePreprocessing: 0
  m_MassScale: 1
  m_ConnectedMassScale: 1
--- !u!1 &2031092840606548007 stripped
GameObject:
  m_CorrespondingSourceObject: {fileID: -6170625038081293824, guid: 789031c8a8f63a242b1ea3b560ceac4b, type: 3}
  m_PrefabInstance: {fileID: 3923318165663760935}
  m_PrefabAsset: {fileID: 0}
--- !u!136 &4445534246810046368
CapsuleCollider:
  m_ObjectHideFlags: 0
  m_CorrespondingSourceObject: {fileID: 0}
  m_PrefabInstance: {fileID: 0}
  m_PrefabAsset: {fileID: 0}
  m_GameObject: {fileID: 2031092840606548007}
  m_Material: {fileID: 0}
  m_IncludeLayers:
    serializedVersion: 2
    m_Bits: 0
  m_ExcludeLayers:
    serializedVersion: 2
    m_Bits: 0
  m_LayerOverridePriority: 0
  m_IsTrigger: 0
  m_ProvidesContacts: 0
  m_Enabled: 1
  serializedVersion: 2
  m_Radius: 0.13122293
  m_Height: 0.52489173
  m_Direction: 1
  m_Center: {x: 0, y: 0.26244587, z: 0}
--- !u!54 &2624365727947478681
Rigidbody:
  m_ObjectHideFlags: 0
  m_CorrespondingSourceObject: {fileID: 0}
  m_PrefabInstance: {fileID: 0}
  m_PrefabAsset: {fileID: 0}
  m_GameObject: {fileID: 2031092840606548007}
  serializedVersion: 4
  m_Mass: 6.5625
  m_Drag: 0
  m_AngularDrag: 0.05
  m_CenterOfMass: {x: 0, y: 0, z: 0}
  m_InertiaTensor: {x: 1, y: 1, z: 1}
  m_InertiaRotation: {x: 0, y: 0, z: 0, w: 1}
  m_IncludeLayers:
    serializedVersion: 2
    m_Bits: 0
  m_ExcludeLayers:
    serializedVersion: 2
    m_Bits: 0
  m_ImplicitCom: 1
  m_ImplicitTensor: 1
  m_UseGravity: 1
  m_IsKinematic: 1
  m_Interpolate: 0
  m_Constraints: 0
  m_CollisionDetection: 0
--- !u!144 &3435032468764715726
CharacterJoint:
  m_ObjectHideFlags: 0
  m_CorrespondingSourceObject: {fileID: 0}
  m_PrefabInstance: {fileID: 0}
  m_PrefabAsset: {fileID: 0}
  m_GameObject: {fileID: 2031092840606548007}
  m_ConnectedBody: {fileID: 5100666171531555420}
  m_ConnectedArticulationBody: {fileID: 0}
  m_Anchor: {x: 0, y: 0, z: 0}
  m_Axis: {x: -1, y: 0, z: 0}
  m_AutoConfigureConnectedAnchor: 1
  m_ConnectedAnchor: {x: -0.00000016682765, y: 0.4437142, z: -0.000000010244548}
  serializedVersion: 2
  m_SwingAxis: {x: 0, y: 0, z: 1}
  m_TwistLimitSpring:
    spring: 0
    damper: 0
  m_LowTwistLimit:
    limit: -80
    bounciness: 0
    contactDistance: 0
  m_HighTwistLimit:
    limit: 0
    bounciness: 0
    contactDistance: 0
  m_SwingLimitSpring:
    spring: 0
    damper: 0
  m_Swing1Limit:
    limit: 0
    bounciness: 0
    contactDistance: 0
  m_Swing2Limit:
    limit: 0
    bounciness: 0
    contactDistance: 0
  m_EnableProjection: 0
  m_ProjectionDistance: 0.1
  m_ProjectionAngle: 180
  m_BreakForce: Infinity
  m_BreakTorque: Infinity
  m_EnableCollision: 0
  m_EnablePreprocessing: 0
  m_MassScale: 1
  m_ConnectedMassScale: 1
--- !u!1 &2159312102322980874 stripped
GameObject:
  m_CorrespondingSourceObject: {fileID: 3135921509060577837, guid: 789031c8a8f63a242b1ea3b560ceac4b, type: 3}
  m_PrefabInstance: {fileID: 3923318165663760935}
  m_PrefabAsset: {fileID: 0}
--- !u!136 &9188339270738396905
CapsuleCollider:
  m_ObjectHideFlags: 0
  m_CorrespondingSourceObject: {fileID: 0}
  m_PrefabInstance: {fileID: 0}
  m_PrefabAsset: {fileID: 0}
  m_GameObject: {fileID: 2159312102322980874}
  m_Material: {fileID: 0}
  m_IncludeLayers:
    serializedVersion: 2
    m_Bits: 0
  m_ExcludeLayers:
    serializedVersion: 2
    m_Bits: 0
  m_LayerOverridePriority: 0
  m_IsTrigger: 0
  m_ProvidesContacts: 0
  m_Enabled: 1
  serializedVersion: 2
  m_Radius: 0.13311413
  m_Height: 0.44371372
  m_Direction: 1
  m_Center: {x: 0, y: 0.22185686, z: 0}
--- !u!54 &5100666171531555420
Rigidbody:
  m_ObjectHideFlags: 0
  m_CorrespondingSourceObject: {fileID: 0}
  m_PrefabInstance: {fileID: 0}
  m_PrefabAsset: {fileID: 0}
  m_GameObject: {fileID: 2159312102322980874}
  serializedVersion: 4
  m_Mass: 6.5625
  m_Drag: 0
  m_AngularDrag: 0.05
  m_CenterOfMass: {x: 0, y: 0, z: 0}
  m_InertiaTensor: {x: 1, y: 1, z: 1}
  m_InertiaRotation: {x: 0, y: 0, z: 0, w: 1}
  m_IncludeLayers:
    serializedVersion: 2
    m_Bits: 0
  m_ExcludeLayers:
    serializedVersion: 2
    m_Bits: 0
  m_ImplicitCom: 1
  m_ImplicitTensor: 1
  m_UseGravity: 1
  m_IsKinematic: 1
  m_Interpolate: 0
  m_Constraints: 0
  m_CollisionDetection: 0
--- !u!144 &2653253330411790501
CharacterJoint:
  m_ObjectHideFlags: 0
  m_CorrespondingSourceObject: {fileID: 0}
  m_PrefabInstance: {fileID: 0}
  m_PrefabAsset: {fileID: 0}
  m_GameObject: {fileID: 2159312102322980874}
  m_ConnectedBody: {fileID: 6030921872511386421}
  m_ConnectedArticulationBody: {fileID: 0}
  m_Anchor: {x: 0, y: 0, z: 0}
  m_Axis: {x: -1, y: 0, z: 0}
  m_AutoConfigureConnectedAnchor: 1
  m_ConnectedAnchor: {x: -0.08207801, y: -0.067718156, z: -0.015123063}
  serializedVersion: 2
  m_SwingAxis: {x: 0, y: 0, z: 1}
  m_TwistLimitSpring:
    spring: 0
    damper: 0
  m_LowTwistLimit:
    limit: -20
    bounciness: 0
    contactDistance: 0
  m_HighTwistLimit:
    limit: 70
    bounciness: 0
    contactDistance: 0
  m_SwingLimitSpring:
    spring: 0
    damper: 0
  m_Swing1Limit:
    limit: 30
    bounciness: 0
    contactDistance: 0
  m_Swing2Limit:
    limit: 0
    bounciness: 0
    contactDistance: 0
  m_EnableProjection: 0
  m_ProjectionDistance: 0.1
  m_ProjectionAngle: 180
  m_BreakForce: Infinity
  m_BreakTorque: Infinity
  m_EnableCollision: 0
  m_EnablePreprocessing: 0
  m_MassScale: 1
  m_ConnectedMassScale: 1
--- !u!1 &2579158489316798108 stripped
GameObject:
  m_CorrespondingSourceObject: {fileID: -7657966619581158213, guid: 789031c8a8f63a242b1ea3b560ceac4b, type: 3}
  m_PrefabInstance: {fileID: 3923318165663760935}
  m_PrefabAsset: {fileID: 0}
--- !u!65 &1245598986001620326
BoxCollider:
  m_ObjectHideFlags: 0
  m_CorrespondingSourceObject: {fileID: 0}
  m_PrefabInstance: {fileID: 0}
  m_PrefabAsset: {fileID: 0}
  m_GameObject: {fileID: 2579158489316798108}
  m_Material: {fileID: 0}
  m_IncludeLayers:
    serializedVersion: 2
    m_Bits: 0
  m_ExcludeLayers:
    serializedVersion: 2
    m_Bits: 0
  m_LayerOverridePriority: 0
  m_IsTrigger: 0
  m_ProvidesContacts: 0
  m_Enabled: 1
  serializedVersion: 3
  m_Size: {x: 0.30325627, y: 0.30346727, z: 0.23420753}
  m_Center: {x: 0, y: 0.15173404, z: -0.021010451}
--- !u!54 &8318090918518955052
Rigidbody:
  m_ObjectHideFlags: 0
  m_CorrespondingSourceObject: {fileID: 0}
  m_PrefabInstance: {fileID: 0}
  m_PrefabAsset: {fileID: 0}
  m_GameObject: {fileID: 2579158489316798108}
  serializedVersion: 4
  m_Mass: 10.9375
  m_Drag: 0
  m_AngularDrag: 0.05
  m_CenterOfMass: {x: 0, y: 0, z: 0}
  m_InertiaTensor: {x: 1, y: 1, z: 1}
  m_InertiaRotation: {x: 0, y: 0, z: 0, w: 1}
  m_IncludeLayers:
    serializedVersion: 2
    m_Bits: 0
  m_ExcludeLayers:
    serializedVersion: 2
    m_Bits: 0
  m_ImplicitCom: 1
  m_ImplicitTensor: 1
  m_UseGravity: 1
  m_IsKinematic: 1
  m_Interpolate: 0
  m_Constraints: 0
  m_CollisionDetection: 0
--- !u!144 &6640242500049738256
CharacterJoint:
  m_ObjectHideFlags: 0
  m_CorrespondingSourceObject: {fileID: 0}
  m_PrefabInstance: {fileID: 0}
  m_PrefabAsset: {fileID: 0}
  m_GameObject: {fileID: 2579158489316798108}
  m_ConnectedBody: {fileID: 6030921872511386421}
  m_ConnectedArticulationBody: {fileID: 0}
  m_Anchor: {x: 0, y: 0, z: 0}
  m_Axis: {x: 1, y: 0, z: 0}
  m_AutoConfigureConnectedAnchor: 1
  m_ConnectedAnchor: {x: 0.00000021352179, y: 0.10182419, z: -0.0000006580958}
  serializedVersion: 2
  m_SwingAxis: {x: 0, y: 0, z: 1}
  m_TwistLimitSpring:
    spring: 0
    damper: 0
  m_LowTwistLimit:
    limit: -20
    bounciness: 0
    contactDistance: 0
  m_HighTwistLimit:
    limit: 20
    bounciness: 0
    contactDistance: 0
  m_SwingLimitSpring:
    spring: 0
    damper: 0
  m_Swing1Limit:
    limit: 10
    bounciness: 0
    contactDistance: 0
  m_Swing2Limit:
    limit: 0
    bounciness: 0
    contactDistance: 0
  m_EnableProjection: 0
  m_ProjectionDistance: 0.1
  m_ProjectionAngle: 180
  m_BreakForce: Infinity
  m_BreakTorque: Infinity
  m_EnableCollision: 0
  m_EnablePreprocessing: 0
  m_MassScale: 1
  m_ConnectedMassScale: 1
--- !u!4 &3600861448370431436 stripped
Transform:
  m_CorrespondingSourceObject: {fileID: -8679921383154817045, guid: 789031c8a8f63a242b1ea3b560ceac4b, type: 3}
  m_PrefabInstance: {fileID: 3923318165663760935}
  m_PrefabAsset: {fileID: 0}
--- !u!1 &3777762998003728481 stripped
GameObject:
  m_CorrespondingSourceObject: {fileID: -9070493210130169274, guid: 789031c8a8f63a242b1ea3b560ceac4b, type: 3}
  m_PrefabInstance: {fileID: 3923318165663760935}
  m_PrefabAsset: {fileID: 0}
--- !u!136 &1426793527823816190
CapsuleCollider:
  m_ObjectHideFlags: 0
  m_CorrespondingSourceObject: {fileID: 0}
  m_PrefabInstance: {fileID: 0}
  m_PrefabAsset: {fileID: 0}
  m_GameObject: {fileID: 3777762998003728481}
  m_Material: {fileID: 0}
  m_IncludeLayers:
    serializedVersion: 2
    m_Bits: 0
  m_ExcludeLayers:
    serializedVersion: 2
    m_Bits: 0
  m_LayerOverridePriority: 0
  m_IsTrigger: 0
  m_ProvidesContacts: 0
  m_Enabled: 1
  serializedVersion: 2
  m_Radius: 0.069603816
  m_Height: 0.27841526
  m_Direction: 1
  m_Center: {x: 0, y: 0.13920763, z: 0}
--- !u!54 &7118010066535399681
Rigidbody:
  m_ObjectHideFlags: 0
  m_CorrespondingSourceObject: {fileID: 0}
  m_PrefabInstance: {fileID: 0}
  m_PrefabAsset: {fileID: 0}
  m_GameObject: {fileID: 3777762998003728481}
  serializedVersion: 4
  m_Mass: 4.375
  m_Drag: 0
  m_AngularDrag: 0.05
  m_CenterOfMass: {x: 0, y: 0, z: 0}
  m_InertiaTensor: {x: 1, y: 1, z: 1}
  m_InertiaRotation: {x: 0, y: 0, z: 0, w: 1}
  m_IncludeLayers:
    serializedVersion: 2
    m_Bits: 0
  m_ExcludeLayers:
    serializedVersion: 2
    m_Bits: 0
  m_ImplicitCom: 1
  m_ImplicitTensor: 1
  m_UseGravity: 1
  m_IsKinematic: 1
  m_Interpolate: 0
  m_Constraints: 0
  m_CollisionDetection: 0
--- !u!144 &2859411434577458850
CharacterJoint:
  m_ObjectHideFlags: 0
  m_CorrespondingSourceObject: {fileID: 0}
  m_PrefabInstance: {fileID: 0}
  m_PrefabAsset: {fileID: 0}
  m_GameObject: {fileID: 3777762998003728481}
  m_ConnectedBody: {fileID: 8318090918518955052}
  m_ConnectedArticulationBody: {fileID: 0}
  m_Anchor: {x: 0, y: 0, z: 0}
  m_Axis: {x: 0, y: 0, z: -1}
  m_AutoConfigureConnectedAnchor: 1
  m_ConnectedAnchor: {x: 0.15162838, y: 0.30346754, z: -0.028027922}
  serializedVersion: 2
  m_SwingAxis: {x: -1, y: 0, z: 0}
  m_TwistLimitSpring:
    spring: 0
    damper: 0
  m_LowTwistLimit:
    limit: -70
    bounciness: 0
    contactDistance: 0
  m_HighTwistLimit:
    limit: 10
    bounciness: 0
    contactDistance: 0
  m_SwingLimitSpring:
    spring: 0
    damper: 0
  m_Swing1Limit:
    limit: 50
    bounciness: 0
    contactDistance: 0
  m_Swing2Limit:
    limit: 0
    bounciness: 0
    contactDistance: 0
  m_EnableProjection: 0
  m_ProjectionDistance: 0.1
  m_ProjectionAngle: 180
  m_BreakForce: Infinity
  m_BreakTorque: Infinity
  m_EnableCollision: 0
  m_EnablePreprocessing: 0
  m_MassScale: 1
  m_ConnectedMassScale: 1
--- !u!1 &4140898819671137325 stripped
GameObject:
  m_CorrespondingSourceObject: {fileID: 1082271958561512970, guid: 789031c8a8f63a242b1ea3b560ceac4b, type: 3}
  m_PrefabInstance: {fileID: 3923318165663760935}
  m_PrefabAsset: {fileID: 0}
--- !u!65 &8321923423333614321
BoxCollider:
  m_ObjectHideFlags: 0
  m_CorrespondingSourceObject: {fileID: 0}
  m_PrefabInstance: {fileID: 0}
  m_PrefabAsset: {fileID: 0}
  m_GameObject: {fileID: 4140898819671137325}
  m_Material: {fileID: 0}
  m_IncludeLayers:
    serializedVersion: 2
    m_Bits: 0
  m_ExcludeLayers:
    serializedVersion: 2
    m_Bits: 0
  m_LayerOverridePriority: 0
  m_IsTrigger: 0
  m_ProvidesContacts: 0
  m_Enabled: 1
  serializedVersion: 3
  m_Size: {x: 0.30325627, y: 0.16954282, z: 0.23231602}
  m_Center: {x: 0.00000028312206, y: 0.017053246, z: -0.038080275}
--- !u!54 &6030921872511386421
Rigidbody:
  m_ObjectHideFlags: 0
  m_CorrespondingSourceObject: {fileID: 0}
  m_PrefabInstance: {fileID: 0}
  m_PrefabAsset: {fileID: 0}
  m_GameObject: {fileID: 4140898819671137325}
  serializedVersion: 4
  m_Mass: 10.9375
  m_Drag: 0
  m_AngularDrag: 0.05
  m_CenterOfMass: {x: 0, y: 0, z: 0}
  m_InertiaTensor: {x: 1, y: 1, z: 1}
  m_InertiaRotation: {x: 0, y: 0, z: 0, w: 1}
  m_IncludeLayers:
    serializedVersion: 2
    m_Bits: 0
  m_ExcludeLayers:
    serializedVersion: 2
    m_Bits: 0
  m_ImplicitCom: 1
  m_ImplicitTensor: 1
  m_UseGravity: 1
  m_IsKinematic: 1
  m_Interpolate: 0
  m_Constraints: 0
  m_CollisionDetection: 0
--- !u!1 &4229729715448250230 stripped
GameObject:
  m_CorrespondingSourceObject: {fileID: 919132149155446097, guid: 789031c8a8f63a242b1ea3b560ceac4b, type: 3}
  m_PrefabInstance: {fileID: 3923318165663760935}
  m_PrefabAsset: {fileID: 0}
--- !u!95 &520289374058684654
Animator:
  serializedVersion: 5
  m_ObjectHideFlags: 0
  m_CorrespondingSourceObject: {fileID: 0}
  m_PrefabInstance: {fileID: 0}
  m_PrefabAsset: {fileID: 0}
  m_GameObject: {fileID: 4229729715448250230}
  m_Enabled: 1
  m_Avatar: {fileID: 0}
  m_Controller: {fileID: 9100000, guid: f0d01ef018aa72d459ba5ce04765bd34, type: 2}
  m_CullingMode: 0
  m_UpdateMode: 0
  m_ApplyRootMotion: 0
  m_LinearVelocityBlending: 0
  m_StabilizeFeet: 0
  m_WarningMessage: 
  m_HasTransformHierarchy: 1
  m_AllowConstantClipSamplingOptimization: 1
  m_KeepAnimatorStateOnDisable: 0
  m_WriteDefaultValuesOnDisable: 0
--- !u!1 &5489066903018223524 stripped
GameObject:
  m_CorrespondingSourceObject: {fileID: 8817898888258712963, guid: 789031c8a8f63a242b1ea3b560ceac4b, type: 3}
  m_PrefabInstance: {fileID: 3923318165663760935}
  m_PrefabAsset: {fileID: 0}
--- !u!136 &4671529172349695938
CapsuleCollider:
  m_ObjectHideFlags: 0
  m_CorrespondingSourceObject: {fileID: 0}
  m_PrefabInstance: {fileID: 0}
  m_PrefabAsset: {fileID: 0}
  m_GameObject: {fileID: 5489066903018223524}
  m_Material: {fileID: 0}
  m_IncludeLayers:
    serializedVersion: 2
    m_Bits: 0
  m_ExcludeLayers:
    serializedVersion: 2
    m_Bits: 0
  m_LayerOverridePriority: 0
  m_IsTrigger: 0
  m_ProvidesContacts: 0
  m_Enabled: 1
  serializedVersion: 2
  m_Radius: 0.0696038
  m_Height: 0.2784152
  m_Direction: 1
  m_Center: {x: 0, y: 0.1392076, z: 0}
--- !u!54 &6953562207567425510
Rigidbody:
  m_ObjectHideFlags: 0
  m_CorrespondingSourceObject: {fileID: 0}
  m_PrefabInstance: {fileID: 0}
  m_PrefabAsset: {fileID: 0}
  m_GameObject: {fileID: 5489066903018223524}
  serializedVersion: 4
  m_Mass: 4.375
  m_Drag: 0
  m_AngularDrag: 0.05
  m_CenterOfMass: {x: 0, y: 0, z: 0}
  m_InertiaTensor: {x: 1, y: 1, z: 1}
  m_InertiaRotation: {x: 0, y: 0, z: 0, w: 1}
  m_IncludeLayers:
    serializedVersion: 2
    m_Bits: 0
  m_ExcludeLayers:
    serializedVersion: 2
    m_Bits: 0
  m_ImplicitCom: 1
  m_ImplicitTensor: 1
  m_UseGravity: 1
  m_IsKinematic: 1
  m_Interpolate: 0
  m_Constraints: 0
  m_CollisionDetection: 0
--- !u!144 &2111052436956297805
CharacterJoint:
  m_ObjectHideFlags: 0
  m_CorrespondingSourceObject: {fileID: 0}
  m_PrefabInstance: {fileID: 0}
  m_PrefabAsset: {fileID: 0}
  m_GameObject: {fileID: 5489066903018223524}
  m_ConnectedBody: {fileID: 8318090918518955052}
  m_ConnectedArticulationBody: {fileID: 0}
  m_Anchor: {x: 0, y: 0, z: 0}
  m_Axis: {x: 0, y: 0, z: -1}
  m_AutoConfigureConnectedAnchor: 1
  m_ConnectedAnchor: {x: -0.15162814, y: 0.30346766, z: -0.028027903}
  serializedVersion: 2
  m_SwingAxis: {x: 1, y: 0, z: 0}
  m_TwistLimitSpring:
    spring: 0
    damper: 0
  m_LowTwistLimit:
    limit: -70
    bounciness: 0
    contactDistance: 0
  m_HighTwistLimit:
    limit: 10
    bounciness: 0
    contactDistance: 0
  m_SwingLimitSpring:
    spring: 0
    damper: 0
  m_Swing1Limit:
    limit: 50
    bounciness: 0
    contactDistance: 0
  m_Swing2Limit:
    limit: 0
    bounciness: 0
    contactDistance: 0
  m_EnableProjection: 0
  m_ProjectionDistance: 0.1
  m_ProjectionAngle: 180
  m_BreakForce: Infinity
  m_BreakTorque: Infinity
  m_EnableCollision: 0
  m_EnablePreprocessing: 0
  m_MassScale: 1
  m_ConnectedMassScale: 1
--- !u!1 &5585977665977564632 stripped
GameObject:
  m_CorrespondingSourceObject: {fileID: -290750445479886849, guid: 789031c8a8f63a242b1ea3b560ceac4b, type: 3}
  m_PrefabInstance: {fileID: 3923318165663760935}
  m_PrefabAsset: {fileID: 0}
--- !u!136 &7549981373446545246
CapsuleCollider:
  m_ObjectHideFlags: 0
  m_CorrespondingSourceObject: {fileID: 0}
  m_PrefabInstance: {fileID: 0}
  m_PrefabAsset: {fileID: 0}
  m_GameObject: {fileID: 5585977665977564632}
  m_Material: {fileID: 0}
  m_IncludeLayers:
    serializedVersion: 2
    m_Bits: 0
  m_ExcludeLayers:
    serializedVersion: 2
    m_Bits: 0
  m_LayerOverridePriority: 0
  m_IsTrigger: 0
  m_ProvidesContacts: 0
  m_Enabled: 1
  serializedVersion: 2
  m_Radius: 0.09491601
  m_Height: 0.47458002
  m_Direction: 1
  m_Center: {x: 0, y: 0.23729001, z: 0}
--- !u!54 &1385136413506732569
Rigidbody:
  m_ObjectHideFlags: 0
  m_CorrespondingSourceObject: {fileID: 0}
  m_PrefabInstance: {fileID: 0}
  m_PrefabAsset: {fileID: 0}
  m_GameObject: {fileID: 5585977665977564632}
  serializedVersion: 4
  m_Mass: 4.375
  m_Drag: 0
  m_AngularDrag: 0.05
  m_CenterOfMass: {x: 0, y: 0, z: 0}
  m_InertiaTensor: {x: 1, y: 1, z: 1}
  m_InertiaRotation: {x: 0, y: 0, z: 0, w: 1}
  m_IncludeLayers:
    serializedVersion: 2
    m_Bits: 0
  m_ExcludeLayers:
    serializedVersion: 2
    m_Bits: 0
  m_ImplicitCom: 1
  m_ImplicitTensor: 1
  m_UseGravity: 1
  m_IsKinematic: 1
  m_Interpolate: 0
  m_Constraints: 0
  m_CollisionDetection: 0
--- !u!144 &7745679106592472581
CharacterJoint:
  m_ObjectHideFlags: 0
  m_CorrespondingSourceObject: {fileID: 0}
  m_PrefabInstance: {fileID: 0}
  m_PrefabAsset: {fileID: 0}
  m_GameObject: {fileID: 5585977665977564632}
  m_ConnectedBody: {fileID: 7118010066535399681}
  m_ConnectedArticulationBody: {fileID: 0}
  m_Anchor: {x: 0, y: 0, z: 0}
  m_Axis: {x: -1, y: 0, z: 0}
  m_AutoConfigureConnectedAnchor: 1
  m_ConnectedAnchor: {x: -0.00000051409006, y: 0.27841526, z: 0.00000016763806}
  serializedVersion: 2
  m_SwingAxis: {x: 0, y: 0, z: -1}
  m_TwistLimitSpring:
    spring: 0
    damper: 0
  m_LowTwistLimit:
    limit: -90
    bounciness: 0
    contactDistance: 0
  m_HighTwistLimit:
    limit: 0
    bounciness: 0
    contactDistance: 0
  m_SwingLimitSpring:
    spring: 0
    damper: 0
  m_Swing1Limit:
    limit: 0
    bounciness: 0
    contactDistance: 0
  m_Swing2Limit:
    limit: 0
    bounciness: 0
    contactDistance: 0
  m_EnableProjection: 0
  m_ProjectionDistance: 0.1
  m_ProjectionAngle: 180
  m_BreakForce: Infinity
  m_BreakTorque: Infinity
  m_EnableCollision: 0
  m_EnablePreprocessing: 0
  m_MassScale: 1
  m_ConnectedMassScale: 1
--- !u!1 &5851641057669185859 stripped
GameObject:
  m_CorrespondingSourceObject: {fileID: -1781356600409242780, guid: 789031c8a8f63a242b1ea3b560ceac4b, type: 3}
  m_PrefabInstance: {fileID: 3923318165663760935}
  m_PrefabAsset: {fileID: 0}
--- !u!135 &4389429411575436864
SphereCollider:
  m_ObjectHideFlags: 0
  m_CorrespondingSourceObject: {fileID: 0}
  m_PrefabInstance: {fileID: 0}
  m_PrefabAsset: {fileID: 0}
  m_GameObject: {fileID: 5851641057669185859}
  m_Material: {fileID: 0}
  m_IncludeLayers:
    serializedVersion: 2
    m_Bits: 0
  m_ExcludeLayers:
    serializedVersion: 2
    m_Bits: 0
  m_LayerOverridePriority: 0
  m_IsTrigger: 0
  m_ProvidesContacts: 0
  m_Enabled: 1
  serializedVersion: 3
  m_Radius: 0.07581407
  m_Center: {x: 0, y: 0.07581407, z: 0}
--- !u!54 &1502322713322483575
Rigidbody:
  m_ObjectHideFlags: 0
  m_CorrespondingSourceObject: {fileID: 0}
  m_PrefabInstance: {fileID: 0}
  m_PrefabAsset: {fileID: 0}
  m_GameObject: {fileID: 5851641057669185859}
  serializedVersion: 4
  m_Mass: 4.375
  m_Drag: 0
  m_AngularDrag: 0.05
  m_CenterOfMass: {x: 0, y: 0, z: 0}
  m_InertiaTensor: {x: 1, y: 1, z: 1}
  m_InertiaRotation: {x: 0, y: 0, z: 0, w: 1}
  m_IncludeLayers:
    serializedVersion: 2
    m_Bits: 0
  m_ExcludeLayers:
    serializedVersion: 2
    m_Bits: 0
  m_ImplicitCom: 1
  m_ImplicitTensor: 1
  m_UseGravity: 1
  m_IsKinematic: 1
  m_Interpolate: 0
  m_Constraints: 0
  m_CollisionDetection: 0
--- !u!144 &4505186997041597234
CharacterJoint:
  m_ObjectHideFlags: 0
  m_CorrespondingSourceObject: {fileID: 0}
  m_PrefabInstance: {fileID: 0}
  m_PrefabAsset: {fileID: 0}
  m_GameObject: {fileID: 5851641057669185859}
  m_ConnectedBody: {fileID: 8318090918518955052}
  m_ConnectedArticulationBody: {fileID: 0}
  m_Anchor: {x: 0, y: 0, z: 0}
  m_Axis: {x: 1, y: 0, z: 0}
  m_AutoConfigureConnectedAnchor: 1
  m_ConnectedAnchor: {x: -0.000000037153598, y: 0.45450068, z: 0.03515431}
  serializedVersion: 2
  m_SwingAxis: {x: 0, y: 0, z: 1}
  m_TwistLimitSpring:
    spring: 0
    damper: 0
  m_LowTwistLimit:
    limit: -40
    bounciness: 0
    contactDistance: 0
  m_HighTwistLimit:
    limit: 25
    bounciness: 0
    contactDistance: 0
  m_SwingLimitSpring:
    spring: 0
    damper: 0
  m_Swing1Limit:
    limit: 25
    bounciness: 0
    contactDistance: 0
  m_Swing2Limit:
    limit: 0
    bounciness: 0
    contactDistance: 0
  m_EnableProjection: 0
  m_ProjectionDistance: 0.1
  m_ProjectionAngle: 180
  m_BreakForce: Infinity
  m_BreakTorque: Infinity
  m_EnableCollision: 0
  m_EnablePreprocessing: 0
  m_MassScale: 1
  m_ConnectedMassScale: 1
--- !u!1 &7158660542938674860 stripped
GameObject:
  m_CorrespondingSourceObject: {fileID: -3086436065929644917, guid: 789031c8a8f63a242b1ea3b560ceac4b, type: 3}
  m_PrefabInstance: {fileID: 3923318165663760935}
  m_PrefabAsset: {fileID: 0}
--- !u!136 &6107364561697379242
CapsuleCollider:
  m_ObjectHideFlags: 0
  m_CorrespondingSourceObject: {fileID: 0}
  m_PrefabInstance: {fileID: 0}
  m_PrefabAsset: {fileID: 0}
  m_GameObject: {fileID: 7158660542938674860}
  m_Material: {fileID: 0}
  m_IncludeLayers:
    serializedVersion: 2
    m_Bits: 0
  m_ExcludeLayers:
    serializedVersion: 2
    m_Bits: 0
  m_LayerOverridePriority: 0
  m_IsTrigger: 0
  m_ProvidesContacts: 0
  m_Enabled: 1
  serializedVersion: 2
  m_Radius: 0.13311431
  m_Height: 0.44371435
  m_Direction: 1
  m_Center: {x: 0, y: 0.22185718, z: 0}
--- !u!54 &2265263093184015601
Rigidbody:
  m_ObjectHideFlags: 0
  m_CorrespondingSourceObject: {fileID: 0}
  m_PrefabInstance: {fileID: 0}
  m_PrefabAsset: {fileID: 0}
  m_GameObject: {fileID: 7158660542938674860}
  serializedVersion: 4
  m_Mass: 6.5625
  m_Drag: 0
  m_AngularDrag: 0.05
  m_CenterOfMass: {x: 0, y: 0, z: 0}
  m_InertiaTensor: {x: 1, y: 1, z: 1}
  m_InertiaRotation: {x: 0, y: 0, z: 0, w: 1}
  m_IncludeLayers:
    serializedVersion: 2
    m_Bits: 0
  m_ExcludeLayers:
    serializedVersion: 2
    m_Bits: 0
  m_ImplicitCom: 1
  m_ImplicitTensor: 1
  m_UseGravity: 1
  m_IsKinematic: 1
  m_Interpolate: 0
  m_Constraints: 0
  m_CollisionDetection: 0
--- !u!144 &5849136168743228054
CharacterJoint:
  m_ObjectHideFlags: 0
  m_CorrespondingSourceObject: {fileID: 0}
  m_PrefabInstance: {fileID: 0}
  m_PrefabAsset: {fileID: 0}
  m_GameObject: {fileID: 7158660542938674860}
  m_ConnectedBody: {fileID: 6030921872511386421}
  m_ConnectedArticulationBody: {fileID: 0}
  m_Anchor: {x: 0, y: 0, z: 0}
  m_Axis: {x: -1, y: 0, z: 0}
  m_AutoConfigureConnectedAnchor: 1
  m_ConnectedAnchor: {x: 0.08207795, y: -0.06771792, z: -0.015123073}
  serializedVersion: 2
  m_SwingAxis: {x: 0, y: 0, z: 1}
  m_TwistLimitSpring:
    spring: 0
    damper: 0
  m_LowTwistLimit:
    limit: -20
    bounciness: 0
    contactDistance: 0
  m_HighTwistLimit:
    limit: 70
    bounciness: 0
    contactDistance: 0
  m_SwingLimitSpring:
    spring: 0
    damper: 0
  m_Swing1Limit:
    limit: 30
    bounciness: 0
    contactDistance: 0
  m_Swing2Limit:
    limit: 0
    bounciness: 0
    contactDistance: 0
  m_EnableProjection: 0
  m_ProjectionDistance: 0.1
  m_ProjectionAngle: 180
  m_BreakForce: Infinity
  m_BreakTorque: Infinity
  m_EnableCollision: 0
  m_EnablePreprocessing: 0
  m_MassScale: 1
  m_ConnectedMassScale: 1
--- !u!1 &8479520620928413551 stripped
GameObject:
  m_CorrespondingSourceObject: {fileID: -4332706925441422008, guid: 789031c8a8f63a242b1ea3b560ceac4b, type: 3}
  m_PrefabInstance: {fileID: 3923318165663760935}
  m_PrefabAsset: {fileID: 0}
--- !u!136 &2160619858571811258
CapsuleCollider:
  m_ObjectHideFlags: 0
  m_CorrespondingSourceObject: {fileID: 0}
  m_PrefabInstance: {fileID: 0}
  m_PrefabAsset: {fileID: 0}
  m_GameObject: {fileID: 8479520620928413551}
  m_Material: {fileID: 0}
  m_IncludeLayers:
    serializedVersion: 2
    m_Bits: 0
  m_ExcludeLayers:
    serializedVersion: 2
    m_Bits: 0
  m_LayerOverridePriority: 0
  m_IsTrigger: 0
  m_ProvidesContacts: 0
  m_Enabled: 1
  serializedVersion: 2
  m_Radius: 0.13122223
  m_Height: 0.52488893
  m_Direction: 1
  m_Center: {x: 0, y: 0.26244447, z: 0}
--- !u!54 &8051893955079486823
Rigidbody:
  m_ObjectHideFlags: 0
  m_CorrespondingSourceObject: {fileID: 0}
  m_PrefabInstance: {fileID: 0}
  m_PrefabAsset: {fileID: 0}
  m_GameObject: {fileID: 8479520620928413551}
  serializedVersion: 4
  m_Mass: 6.5625
  m_Drag: 0
  m_AngularDrag: 0.05
  m_CenterOfMass: {x: 0, y: 0, z: 0}
  m_InertiaTensor: {x: 1, y: 1, z: 1}
  m_InertiaRotation: {x: 0, y: 0, z: 0, w: 1}
  m_IncludeLayers:
    serializedVersion: 2
    m_Bits: 0
  m_ExcludeLayers:
    serializedVersion: 2
    m_Bits: 0
  m_ImplicitCom: 1
  m_ImplicitTensor: 1
  m_UseGravity: 1
  m_IsKinematic: 1
  m_Interpolate: 0
  m_Constraints: 0
  m_CollisionDetection: 0
--- !u!144 &5486322861167565732
CharacterJoint:
  m_ObjectHideFlags: 0
  m_CorrespondingSourceObject: {fileID: 0}
  m_PrefabInstance: {fileID: 0}
  m_PrefabAsset: {fileID: 0}
  m_GameObject: {fileID: 8479520620928413551}
  m_ConnectedBody: {fileID: 2265263093184015601}
  m_ConnectedArticulationBody: {fileID: 0}
  m_Anchor: {x: 0, y: 0, z: 0}
  m_Axis: {x: -1, y: 0, z: 0}
  m_AutoConfigureConnectedAnchor: 1
  m_ConnectedAnchor: {x: 0.00000012374437, y: 0.44371483, z: 0.0000004656613}
  serializedVersion: 2
  m_SwingAxis: {x: 0, y: 0, z: 1}
  m_TwistLimitSpring:
    spring: 0
    damper: 0
  m_LowTwistLimit:
    limit: -80
    bounciness: 0
    contactDistance: 0
  m_HighTwistLimit:
    limit: 0
    bounciness: 0
    contactDistance: 0
  m_SwingLimitSpring:
    spring: 0
    damper: 0
  m_Swing1Limit:
    limit: 0
    bounciness: 0
    contactDistance: 0
  m_Swing2Limit:
    limit: 0
    bounciness: 0
    contactDistance: 0
  m_EnableProjection: 0
  m_ProjectionDistance: 0.1
  m_ProjectionAngle: 180
  m_BreakForce: Infinity
  m_BreakTorque: Infinity
  m_EnableCollision: 0
  m_EnablePreprocessing: 0
  m_MassScale: 1
  m_ConnectedMassScale: 1
